2654 4860
607 267 817 329 -12-

171 444 257 513 sonis
270 465 397 513 vacuam
420 447 530 514 iactam
550 445 827 527 animadvertisset,
848 447 1005 513 tibicinem
1019 446 1155 512 auditum
1180 465 1285 531 eaque

169 556 208 621 de
231 576 324 622 causa
345 563 444 622 ectum
470 575 540 622 esse
561 556 676 619 finitum
699 562 834 621 statuere
857 557 982 636 licebat.

271 667 410 731 Breviter
431 666 459 729 si
483 666 822 747 comprehenderimus,
844 683 921 746 quae
941 665 991 728 hic
1015 665 1177 747 disputata·
1196 662 1299 749 sunt,¹

174 777 257 840 banc
270 794 341 842 esse
353 776 466 840 Donati
485 781 718 864 praeceptorum
733 793 880 840 summam
901 776 1107 863 inveniemus:
1130 776 1282 858 primurn,

111 943 115 949 ,
169 905 210 951 ue
230 904 308 969 qure
328 904 461 968 persona
479 885 551 967 plus
574 886 735 966 quinquies
769 887 878 949 eodem
913 887 945 948 in
975 892 1044 950 actu
1068 904 1198 950 scenam
1223 906 1281 960 re·

174 995 290 1078 linquet
311 1003 342 1059 et
364 995 464 1061 denuo
486 995 693 1078 ingrediatur3
717 1001 747 1057 et
767 984 890 1074 deinde,
916 994 967 1058 ubi
990 1000 1075 1059 actus
1096 995 1202 1061 linitus
1224 996 1280 1078 sit,

169 1123 294 1172 scenam
314 1105 352 1170 ab
374 1106 513 1169 omnibus
534 1100 676 1187 personis
695 1122 836 1190 ¹vacuam
864 1122 934 1168 esse
959 1104 1085 1169 debere.
1131 1105 1275 1180 Quarum

169 1207 346 1298 regularum
375 1214 455 1308 haec
488 1216 517 1277 io
551 1227 653 1278 rerum
676 1219 783 1278 natura
804 1213 903 1295 posita
928 1212 991 1292 est3
1022 1214 1073 1279 illa
1097 1233 1132 1279 ea
1155 1221 1281 1281 tantum

173 1325 212 1397 de
235 1343 328 1389 causa
351 1323 558 1389 memorabilis
581 1324 681 1386 videri
702 1324 810 1404 possit,
834 1322 915 1404 quod
938 1324 1010 1386 inde
1027 1323 1148 1404 quidem
1171 1326 1281 1390 colle-

129 1510 133 1529 Ι
168 1442 280 1519 gerunt
302 1436 398 1499 fuisse
429 1435 566 1514 fabulas,
599 1435 764 1518 inquibus
792 1435 894 1517 minus
923 1435 1087 1520 diligenter
1107 1456 1144 1500 ea
1162 1439 1280 1521 regula

168 1550 289 1611 servata
305 1545 412 1625 luerit,
440 1562 529 1625 quarn
548 1544 580 1607 in
604 1544 817 1625 superstitibus
838 1544 932 1608 Plauti
956 1551 986 1607 et
999 1544 1135 1608 Terentii
1159 1546 1278 1612 tabulis

112 1705 119 1716 ‚
169 1644 328 1720 servatam
349 1674 415 1720 eam
438 1653 609 1718 videamus.

270 1765 366 1840 Quum
392 1764 431 1827 ad
455 1763 516 1826 boc
538 1780 634 1845 usque
655 1763 717 1826 loci
746 1762 869 1826 nonnisi
898 1763 1034 1846 negandi
1056 1771 1086 1828 et
1107 1765 1280 1833 reiiciendi
1313 1806 1317 1811 ·

171 1880 306 1957 potestas
326 1873 416 1939 nobis
441 1874 511 1936 data
532 1871 580 1952 sit,
602 1871 685 1934 iuvat
708 1871 820 1937 afferre
851 1872 974 1960 unicum
992 1873 1059 1937 iere
1080 1874 1195 1956 locum,
1222 1879 1280 1943 ubi

128 2026 131 2034 ·
168 2002 230 2049 non
252 1986 344 2077 modo
366 2003 429 2049 non
452 1983 706 2066 redarguendus,
739 1983 795 2048 sed
827 1984 917 2065 plane
939 1984 1154 2066 approbandus
1176 2005 1280 2070 appa-

168 2099 235 2161 reat
255 2095 402 2158 Donatus.
460 2087 616 2179 Leguntur
635 2098 736 2157 eutem
755 2110 872 2157 summa
899 2092 951 2156 illa
974 2095 1109 2158 auctoris
1133 2099 1278 2163 auetori-

170 2209 232 2277 tate
254 2203 466 2268 commendata
496 2203 591 2266 verba
621 2202 654 2264 in
676 2220 743 2287 arg.
765 2204 857 2267 lieo:
887 2205 1005 2285 ,Docet
1031 2211 1130 2269 autem
1159 2206 1276 2291 Varro,
1302 2257 1306 2261 -

171 2307 289 2397 ,neque
321 2314 353 2376 iu
374 2315 432 2407 bae
463 2312 565 2378 tabula
588 2328 688 2394 neque
718 2315 750 2375 in
783 2313 850 2378 eliis
881 2333 952 2378 esse
976 2315 1164 2397 mirandum,
1188 2320 1276 2399 quod

170 2431 274 2507 ,aolus
297 2425 429 2507 imperes
462 2442 627 2490 scenarum
660 2423 900 2509 paginarumque
924 2426 992 2490 sint
1013 2443 1159 2512 numero,
1181 2445 1278 2508 quum

168 2536 268 2617 ,baec
292 2534 465 2613 distributio
487 2536 517 2597 in
538 2554 641 2600 remur
663 2532 889 2616 descriptione,
905 2553 976 2628 ‘non
995 2535 1027 2598 in
1049 2553 1177 2599 numero
1199 2556 1278 2603 ver-

168 2663 273 2726 ,suum
297 2644 460 2708 constituta
483 2645 532 2724 sit,
556 2661 619 2709 non
634 2645 721 2726 apud
754 2635 878 2711 Latinos
900 2645 1017 2726 modo,
1048 2663 1154 2710 verum
1177 2647 1274 2713 etiam

101 2836 105 2848 ‚
172 2754 268 2840 ,apud
293 2754 430 2820 Graecos
455 2755 570 2841 ipsos.“
615 2753 729 2828 Quibus
760 2771 816 2834 per
843 2772 879 2818 se
908 2756 1093 2843 planissimis
1115 2755 1191 2819 nibil
1213 2752 1276 2822 ba-

153 2842 230 2957 xbeo
264 2863 345 2945 quod
380 2864 509 2943 addam,
547 2865 606 2927 nisi
640 2863 723 2945 quod
751 2863 818 2926 iure
853 2865 1023 2928 mirandum
1058 2871 1130 2947 puto
1153 2872 1272 2948 tantae,

172 2981 304 3058 quantae
327 2975 479 3038 Donatum
504 2975 600 3037 fuisse
629 2981 750 3037 constet
779 2973 1000 3065 intelligentiae
1028 2994 1064 3039 ao
1089 2976 1274 3049 eruditionis

173 3076 295 3166 virum,
317 3085 349 3148 in
368 3084 441 3165 illa,
476 3096 565 3166 quom
588 3085 799 3167 proposuerit,
822 3103 918 3168 prope
947 3087 1127 3150 mechanica
1150 3092 1283 3162 actuum,

177 3194 546 3269 dividendorumratione
557 3196 762 3276 acquievisse,
773 3213 872 3276 oeque
883 3194 975 3257 ullam
1000 3213 1017 3256 a
1030 3197 1170 3259 Varrone
1185 3213 1277 3260 oom-

179 3290 376 3384 memoratae,
396 3301 512 3364 ‘reram
535 3303 755 3383 descriptionis¹
772 3303 932 3386 rationem
955 3303 1110 3368 babuisse.

273 3414 429 3478 Postremo
452 3431 515 3476 non
537 3412 807 3494 praetermittenda
832 3430 956 3494 censeo,
980 3430 1058 3493 quae
1077 3413 1216 3477 Donatus
1239 3415 1273 3478 in

174 3522 270 3605 praei.
296 3521 478 3603 adAdelpb.
496 3521 534 3586 de
554 3522 613 3587 bac
634 3523 733 3587 fabula
758 3523 849 3586 dicit:
871 3525 968 3605 ,baec
989 3511 1090 3602 etiarn,
1114 3530 1147 3585 ut
1169 3531 1276 3591 cetera

58 3619 60 3623 ¹
171 3632 402 3716 ,huiuscemodi
430 3636 590 3714 poemata,
623 3634 755 3714 quinque
786 3641 872 3697 aetus
910 3635 1020 3698 babeat
1049 3650 1181 3697 necesse
1214 3641 1296 3718 est,.

175 3742 299 3825 ,eboris
321 3741 439 3805 divisos
467 3740 632 3805 aGroecis
665 3742 780 3822 poetis3
813 3759 890 3823 quos
919 3744 976 3805 etsi
1003 3743 1158 3807 retinendi
1180 3750 1302 3813 causa'

176 3852 256 3933 ,iam
279 3850 428 3914 inconditi
450 3849 632 3932 spectatoris
663 3851 788 3912 minime
822 3850 1011 3935 distinguunt
1040 3853 1126 3916 latini
1149 3854 1273 3934 comici,

179 3967 365 4042 ,metuentes
389 3959 519 4037 scilicet,
540 3976 580 4021 ne
602 3959 669 4039 quis
691 3959 869 4031 fastidiosus
890 3961 974 4026 finito
993 3967 1085 4038 actu,
1110 3961 1192 4024 velut
1214 3963 1276 4024 ad-

183 4070 333 4152 ,monitus
356 4068 498 4150 abeundi,
519 4069 657 4151 reliquae
669 4069 850 4134 comoediae
866 4071 915 4136 fiat
938 4076 1129 4151 contemptor
1153 4077 1184 4134 et
1204 4089 1278 4135 sur-

180 4188 269 4268 ,gat3
292 4186 393 4246 tamen
413 4201 431 4246 a
453 4179 553 4245 doctis
576 4173 731 4245 veteribus
755 4180 877 4246 disereti
895 4189 985 4264 atque
1009 4181 1151 4250 disiuncti
1172 4186 1269 4249 sunto
