2654 4860
618 235 827 295 -20-

166 416 255 500 glor,
275 413 332 479 scd
354 419 475 494 tamen,
504 427 595 494 quum
624 413 657 476 in
686 410 798 492 Wolffii
832 425 956 476 errores
987 427 1089 476 sermo
1114 410 1275 494 inciderit,

169 526 292 612 silentio
323 543 387 588 non
408 524 677 607 praetermittenda
708 523 872 600 videntur,
903 539 982 604 quae
1000 520 1100 586 miuus
1119 527 1210 585 recte
1232 517 1294 613 de'

169 636 252 700 tertii
274 635 439 699 Asinariae
461 641 548 721 actus
567 634 654 698 initio
676 634 842 698 contendit.
886 632 989 697 Verba
1011 632 1077 696 eius
1099 631 1180 697 haec
1201 637 1274 696 sunt

171 744 262 821 (diss.
286 744 322 808 ll.
346 763 375 826 p.
392 744 467 825 20:
502 743 634 825 ,Similis
656 740 817 806 difficultas
836 742 988 824 reperitur
1010 742 1063 820 ΙΙΙ,
1088 741 1115 805 Ι.
1160 740 1275 805 cicae-

169 859 265 934 ,reta,
290 854 411 934 quael,
433 854 464 931 3,
486 853 528 918 89
557 872 642 918 suam
664 853 787 916 intravit
809 853 948 932 domurn,
968 852 1019 916 hic
1039 830 1108 916 cum
1130 851 1271 917 Plrileuic

127 990 133 1001 ,
170 964 262 1045 ,exit
289 979 418 1043 eamque
432 962 483 1043 ΙΙΙ,
498 964 524 1042 Ι,
546 963 598 1043 39,
621 969 672 1026 aut
690 979 796 1028 rursus
813 963 931 1026 intrare
952 962 1046 1045 iubet,
1069 969 1100 1026 et
1122 963 1191 1044 ipsa
1213 980 1274 1026 ae-

119 1079 124 1090 ‘
170 1072 256 1154 ,scic
278 1088 337 1152 quo
357 1072 430 1149 abit,
452 1076 512 1147 aut,
535 1089 715 1154 quamquam
739 1073 810 1153 hoc,
836 1088 927 1153 quum
949 1071 1061 1136 deiude
1081 1087 1148 1137 cunr
1163 1073 1272 1157 Argy-

168 1181 273 1264 ,rippc
297 1181 395 1245 libere
417 1181 450 1243 in
474 1198 600 1245 scenam
613 1181 713 1246 denuc
735 1182 927 1264 ingrediatur
937 1181 1048 1264 puella,
1067 1188 1181 1264 parum'
1196 1182 1273 1247 mihi

167 1274 295 1374 ,placet
315 1290 348 1353 in
371 1290 465 1354 aedes
485 1306 589 1353 secum
608 1289 737 1354 reducit.
781 1291 854 1354 Cum
877 1291 936 1355 hac
957 1292 1052 1376 igitur
1070 1291 1207 1356 Philenio
1220 1293 1274 1373 ΙΙΙ,

167 1401 267 1482 ,9,39
289 1419 329 1465 ex
350 1399 528 1464 Cleaeretae
548 1401 640 1465 dorne
661 1387 818 1484 egreditur
829 1403 1031 1487 Argyrippus,
1054 1418 1166 1484 neque,
1187 1420 1273 1484 quo·
1304 1478 1306 1491 Ι

169 1510 278 1592 ,modo
296 1511 330 1585 ⁸is
353 1509 531 1589 intraverit,
552 1510 745 1594 intelligitur,
775 1502 944 1593 ·Equidem
969 1511 1008 1574 de
1029 1511 1090 1574 hcc
1110 1509 1181 1574 lucc
1202 1516 1272 1576 sta.

170 1620 332 1702 ,tuendum
356 1619 482 1698 iudico,
510 1625 543 1682 ut
567 1620 705 1699 interii,
727 1620 759 1700 4,
778 1620 819 1682 96
840 1626 870 1684 et
891 1621 943 1700 ΙΙΙ,
957 1621 1020 1700 2,1
1048 1625 1155 1685 cantus
1178 1621 1274 1686 fuerit

97 1745 99 1749 ’
168 1729 339 1814 „tibiarum,
362 1729 394 1791 in
411 1746 471 1810 quc
484 1728 586 1792 medio
605 1734 695 1792 cantu
709 1729 862 1810 prodeunt
871 1729 1029 1794 Cleaercta
1054 1737 1084 1793 et
1102 1729 1273 1796 Phileuiurn

167 1840 237 1922 ,lll,
263 1841 298 1916 13
320 1838 429 1919 quibus
450 1855 468 1901 e
490 1854 584 1902 scena
616 1837 766 1920 digressis
796 1839 904 1902 iterum
929 1839 1024 1903 tibiae
1055 1838 1168 1906 canere
1188 1840 1275 1907 inei-

117 1995 125 2001 -
166 1951 286 2030 ,piunt,
310 1955 340 2013 et
359 1949 439 2012 intra
465 1948 525 2011 hoc
546 1948 692 2029 temporis
714 1949 843 2039 spatium
874 1967 913 2013 ex
932 1966 988 2012 sua
1011 1948 1103 2013 donrc
1127 1950 1166 2014 ad
1189 1952 1274 2017 auri-

168 2076 255 2139 ,cam
275 2055 408 2120 transire
429 2060 529 2136 petest
550 2057 770 2139 Argyrippus.“
813 2054 1033 2149 Licet'Wolffio
1049 2058 1271 2143 concedamus,

167 2166 305 2249 potuisse
327 2164 405 2243 fieri,
426 2170 458 2226 ut
481 2164 520 2227 ad
541 2165 683 2228 tibiarum
706 2172 826 2229 cantum
851 2166 931 2230 inter
953 2174 1038 2232 actus
1061 2169 1181 2234 cantica
1203 2171 1274 2235 sal-

167 2281 230 2351 tata
251 2274 332 2352 sint3
361 2289 540 2354 quamquam
571 2273 603 2336 id
635 2274 748 2336 facturn
769 2292 838 2338 esse
867 2276 959 2339 certis
981 2277 1169 2360 argumentis
1190 2297 1272 2361 prc-

167 2384 236 2449 bar'i
249 2400 311 2447 uon
325 2388 446 2464 putest;
468 2383 592 2446 rninirne
605 2388 704 2446 tamen
722 2382 811 2447 nobis
823 2384 1029 2467 persuadebit,
1050 2387 1160 2452 ecdem
1173 2388 1271 2455 modo

168 2500 198 2557 et
219 2491 358 2556 diverbia
384 2468 589 2573 qrcnunciata
617 2507 698 2554 esse.
747 2481 853 2572 Neque
882 2508 1014 2555 necesse
1045 2493 1168 2573 quidem
1189 2502 1270 2576 erat,

15 2657 22 2673 ‚
66 2654 77 2668 „
170 2608 204 2664 ut
224 2598 368 2666 ultimum
381 2601 586 2682 experiretur3
608 2619 679 2664 nam
694 2601 721 2664 si
738 2601 912 2684 Argyrippo
936 2601 1050 2664 licitum
1073 2609 1148 2684 erat,
1171 2606 1269 2672 tacito

166 2709 247 2774 iuter
270 2709 412 2775 tibinrunr
434 2715 554 2773 cantum
577 2726 616 2771 ex
634 2723 689 2771 sua
712 2707 804 2770 domo
827 2708 865 2771 ad
886 2709 1015 2772 amicam
1038 2711 1183 2791 transire,
1206 2730 1269 2794 qua

168 2818 207 2886 de
231 2839 324 2886 causa
346 2821 426 2886 inter
440 2818 773 2900 LeonidecLibanique
795 2818 980 2901 colloquium
1000 2818 1099 2883 minus
1119 2821 1269 2889 licuerit?

572 2994 885 3110 casine!

234 3218 397 3290 'Actuum
430 3221 541 3287 divisio
573 3224 604 3286 in
626 3224 685 3288 hac
721 3227 823 3290 fabula
846 3226 922 3290 nihil
950 3227 1042 3293 habet
1065 3228 1268 3312 offensionis,

167 3336 207 3402 de
227 3335 331 3401 scenis
353 3338 468 3400 tantum
489 3334 655 3400 notandum
679 3340 736 3416 est,
756 3342 872 3402 sextum
901 3343 932 3402 et
955 3340 1112 3422 septimam
1134 3343 1268 3408 secundi
1307 3342 1314 3367 ¹

165 3451 252 3510 actus
273 3442 307 3508 in
326 3462 419 3509 unam
432 3443 663 3530 coniungendas
678 3463 760 3526 esse,
780 3464 870 3528 quum
893 3467 910 3512 e
928 3456 1079 3531 quattuor,
1102 3469 1179 3532 quac
1191 3451 1230 3532 ll,
1246 3454 1266 3517 5

163 3555 287 3619 locutae
308 3555 378 3639 sint,
399 3555 541 3637 personis
558 3572 635 3619 unus
656 3562 812 3620 remaneat
823 3557 976 3637 Chalinus,
997 3558 1088 3622 etde
1111 3559 1161 3640 iis,
1187 3578 1268 3643 quae

166 3663 269 3734 modos
282 3664 364 3728 facta
386 3644 458 3746 sint,
481 3663 576 3726 verba
597 3663 701 3727 iaciat.
746 3664 941 3729 Gravissimis
957 3673 1056 3732 autern
1077 3669 1197 3734 lacunis
1215 3669 1268 3736 la-

139 3809 142 3814 -
165 3774 279 3838 horare
300 3772 441 3838 Casinam
477 3792 567 3857 quurn
600 3791 656 3838 eac
674 3773 791 3838 indicic
812 3781 890 3857 suut,
912 3793 990 3860 quae
1012 3779 1044 3842 in
1067 3783 1170 3862 quinto
1193 3776 1266 3846 actu

166 3885 292 3977 mutilae
313 3883 508 3966 reperiuntur
538 3901 680 3948 versuum
713 3885 879 3968 reliquiae,
902 3893 963 3952 tum
994 3891 1084 3953 etiarn
1109 3888 1157 3969 id,
1181 3893 1264 3971 quod
1314 3958 1317 3963 ,

167 3993 257 4075 plane
277 3991 534 4057 verisimilitudini
562 4000 732 4076 repugnat,
754 3995 958 4080 Stalincnem,
979 4005 1137 4081 postquam
1159 3999 1209 4074 ΙΙΙ,
1234 4002 1263 4080 Ι,
1310 4036 1319 4053 ·

86 4193 92 4210 Ι
170 4103 209 4166 16
232 4103 271 4167 de
292 4120 386 4170 scena
400 4103 433 4166 iu
455 4102 553 4167 lorum
582 4104 770 4184 processerit
797 4105 899 4190 ibique
923 4126 1044 4177 causan
1066 4111 1173 4194 egerit,
1193 4115 1263 4190 post
