<?xml version="1.0" encoding="UTF-8"?>
<!DOCTYPE html PUBLIC "-//W3C//DTD XHTML 1.0 Transitional//EN"
    "http://www.w3.org/TR/xhtml1/DTD/xhtml1-transitional.dtd">
<html xmlns="http://www.w3.org/1999/xhtml" xml:lang="en" lang="en">
 <head>
  <title>
</title>
<meta http-equiv="Content-Type" content="text/html;charset=utf-8" />
  <meta name='ocr-system' content='tesseract 3.04.00' />
  <meta name='ocr-capabilities' content='ocr_page ocr_carea ocr_par ocr_line ocrx_word'/>
</head>
<body>
  <div class='ocr_page' id='page_1' title='image "./deactuuminplaut00schmgoog_0025.png"; bbox 0 0 2654 4860; ppageno 0'>
   <div class='ocr_carea' id='block_1_1' title="bbox 552 297 762 359">
    <p class='ocr_par' dir='ltr' id='par_1_1' title="bbox 552 297 762 359">
     <span class='ocr_line' id='line_1_1' title="bbox 552 297 762 359; baseline -0.005 -16"><span class='ocrx_word' id='word_1_1' title='bbox 552 297 762 359; x_wconf 71' lang='lat'>..18-</span> 
     </span>
    </p>
   </div>
   <div class='ocr_carea' id='block_1_2' title="bbox 111 454 1221 1439">
    <p class='ocr_par' dir='ltr' id='par_1_2' title="bbox 111 454 1221 892">
     <span class='ocr_line' id='line_1_2' title="bbox 120 454 1221 559; baseline 0.005 -19"><span class='ocrx_word' id='word_1_2' title='bbox 120 475 335 559; x_wconf 68' lang='lat' dir='ltr'>„uternensem</span> <span class='ocrx_word' id='word_1_3' title='bbox 349 454 354 465; x_wconf 85' lang='lat'>&#39;</span> <span class='ocrx_word' id='word_1_4' title='bbox 367 493 406 540; x_wconf 82' lang='lat' dir='ltr'>zu</span> <span class='ocrx_word' id='word_1_5' title='bbox 430 475 581 556; x_wconf 73' lang='lat' dir='ltr'>spechen</span> <span class='ocrx_word' id='word_1_6' title='bbox 603 475 785 543; x_wconf 74' lang='lat' dir='ltr'>rorrranren.</span> <span class='ocrx_word' id='word_1_7' title='bbox 817 513 857 524; x_wconf 95' lang='lat'>-</span> <span class='ocrx_word' id='word_1_8' title='bbox 882 475 961 540; x_wconf 78' lang='lat' dir='ltr'>nass</span> <span class='ocrx_word' id='word_1_9' title='bbox 985 475 1071 557; x_wconf 69' lang='lat' dir='ltr'>aaa,</span> <span class='ocrx_word' id='word_1_10' title='bbox 1090 494 1147 542; x_wconf 81' lang='lat' dir='ltr'>wo</span> <span class='ocrx_word' id='word_1_11' title='bbox 1170 478 1221 544; x_wconf 81' lang='lat' dir='ltr'>ue</span> 
     </span>
     <span class='ocr_line' id='line_1_3' title="bbox 116 585 1220 672; baseline 0.003 -22"><span class='ocrx_word' id='word_1_12' title='bbox 116 587 290 668; x_wconf 82' lang='lat' dir='ltr'>„Personcn</span> <span class='ocrx_word' id='word_1_13' title='bbox 311 605 390 671; x_wconf 81' lang='lat' dir='ltr'>ganz</span> <span class='ocrx_word' id='word_1_14' title='bbox 405 587 467 651; x_wconf 92' lang='lat' dir='ltr'>und</span> <span class='ocrx_word' id='word_1_15' title='bbox 491 606 549 671; x_wconf 84' lang='lat' dir='ltr'>gar</span> <span class='ocrx_word' id='word_1_16' title='bbox 570 585 738 666; x_wconf 86' lang='lat' dir='ltr'>wechseln‚</span> <span class='ocrx_word' id='word_1_17' title='bbox 761 587 878 668; x_wconf 87' lang='lat' dir='ltr'>immer,</span> <span class='ocrx_word' id='word_1_18' title='bbox 900 605 950 651; x_wconf 87' lang='lat' dir='ltr'>wo</span> <span class='ocrx_word' id='word_1_19' title='bbox 972 587 1018 651; x_wconf 92' lang='lat' dir='ltr'>sie</span> <span class='ocrx_word' id='word_1_20' title='bbox 1039 605 1123 672; x_wconf 84' lang='lat' dir='ltr'>ganz</span> <span class='ocrx_word' id='word_1_21' title='bbox 1149 589 1220 655; x_wconf 85' lang='lat' dir='ltr'>die-</span> 
     </span>
     <span class='ocr_line' id='line_1_4' title="bbox 114 696 1221 782; baseline 0 -20"><span class='ocrx_word' id='word_1_22' title='bbox 114 699 240 778; x_wconf 81' lang='lat' dir='ltr'>„selben</span> <span class='ocrx_word' id='word_1_23' title='bbox 260 696 395 779; x_wconf 87' lang='lat' dir='ltr'>bleiben,</span> <span class='ocrx_word' id='word_1_24' title='bbox 417 696 545 764; x_wconf 88' lang='lat' dir='ltr'>niemals</span> <span class='ocrx_word' id='word_1_25' title='bbox 568 697 639 762; x_wconf 90' lang='lat' dir='ltr'>eine</span> <span class='ocrx_word' id='word_1_26' title='bbox 659 715 740 760; x_wconf 90' lang='lat' dir='ltr'>neue</span> <span class='ocrx_word' id='word_1_27' title='bbox 760 697 859 763; x_wconf 84' lang='lat' dir='ltr'>Scene</span> <span class='ocrx_word' id='word_1_28' title='bbox 882 697 1028 782; x_wconf 86' lang='lat' dir='ltr'>begiune,</span> <span class='ocrx_word' id='word_1_29' title='bbox 1050 697 1128 763; x_wconf 91' lang='lat' dir='ltr'>sollt</span> <span class='ocrx_word' id='word_1_30' title='bbox 1149 718 1221 764; x_wconf 92' lang='lat' dir='ltr'>man</span> 
     </span>
     <span class='ocr_line' id='line_1_5' title="bbox 111 807 671 892; baseline -0.002 -23"><span class='ocrx_word' id='word_1_31' title='bbox 111 807 179 889; x_wconf 79' lang='lat' dir='ltr'>„fiir</span> <span class='ocrx_word' id='word_1_32' title='bbox 202 807 299 892; x_wconf 82' lang='lat' dir='ltr'>vdllig</span> <span class='ocrx_word' id='word_1_33' title='bbox 318 810 517 892; x_wconf 82' lang='lat' dir='ltr'>ausgemacht</span> <span class='ocrx_word' id='word_1_34' title='bbox 540 809 671 872; x_wconf 65' lang='lat' dir='ltr'>nollens</span> 
     </span>
    </p>

    <p class='ocr_par' dir='ltr' id='par_1_3' title="bbox 111 899 1220 1439">
     <span class='ocr_line' id='line_1_6' title="bbox 212 899 1220 1003; baseline 0.005 -22"><span class='ocrx_word' id='word_1_35' title='bbox 212 919 274 981; x_wconf 89' lang='lat' dir='ltr'>lam</span> <span class='ocrx_word' id='word_1_36' title='bbox 295 936 382 999; x_wconf 91' lang='lat' dir='ltr'>vero,</span> <span class='ocrx_word' id='word_1_37' title='bbox 404 925 437 981; x_wconf 90' lang='lat' dir='ltr'>ut</span> <span class='ocrx_word' id='word_1_38' title='bbox 457 920 557 1001; x_wconf 86' lang='lat' dir='ltr'>exiis,</span> <span class='ocrx_word' id='word_1_39' title='bbox 580 938 657 1003; x_wconf 90' lang='lat' dir='ltr'>quae</span> <span class='ocrx_word' id='word_1_40' title='bbox 678 919 729 983; x_wconf 91' lang='lat' dir='ltr'>hic</span> <span class='ocrx_word' id='word_1_41' title='bbox 750 899 901 1001; x_wconf 86' lang='lat' dir='ltr'>disputata</span> <span class='ocrx_word' id='word_1_42' title='bbox 923 924 1010 1000; x_wconf 89' lang='lat' dir='ltr'>sunt,</span> <span class='ocrx_word' id='word_1_43' title='bbox 1034 919 1220 1001; x_wconf 80' lang='lat' dir='ltr'>quantulus-</span> 
     </span>
     <span class='ocr_line' id='line_1_7' title="bbox 113 1027 1217 1112; baseline 0.004 -21"><span class='ocrx_word' id='word_1_44' title='bbox 113 1045 232 1109; x_wconf 82' lang='lat' dir='ltr'>cunque</span> <span class='ocrx_word' id='word_1_45' title='bbox 253 1027 291 1091; x_wconf 89' lang='lat' dir='ltr'>ad</span> <span class='ocrx_word' id='word_1_46' title='bbox 313 1027 447 1093; x_wconf 91' lang='lat' dir='ltr'>Plautum</span> <span class='ocrx_word' id='word_1_47' title='bbox 477 1030 585 1095; x_wconf 88' lang='lat' dir='ltr'>redeat</span> <span class='ocrx_word' id='word_1_48' title='bbox 602 1031 747 1112; x_wconf 70' lang='lat' dir='ltr'>tructus,</span> <span class='ocrx_word' id='word_1_49' title='bbox 783 1029 815 1092; x_wconf 92' lang='lat' dir='ltr'>in</span> <span class='ocrx_word' id='word_1_50' title='bbox 833 1029 987 1103; x_wconf 86' lang='lat' dir='ltr'>nonnullis</span> <span class='ocrx_word' id='word_1_51' title='bbox 1010 1029 1077 1093; x_wconf 88' lang='lat' dir='ltr'>cius</span> <span class='ocrx_word' id='word_1_52' title='bbox 1100 1031 1217 1095; x_wconf 80' lang='lat' dir='ltr'>fabulis</span> 
     </span>
     <span class='ocr_line' id='line_1_8' title="bbox 112 1136 1217 1221; baseline 0.006 -23"><span class='ocrx_word' id='word_1_53' title='bbox 112 1136 323 1202; x_wconf 81' lang='lat' dir='ltr'>emendandae</span> <span class='ocrx_word' id='word_1_54' title='bbox 345 1137 442 1204; x_wconf 91' lang='lat' dir='ltr'>lalsae</span> <span class='ocrx_word' id='word_1_55' title='bbox 456 1146 575 1204; x_wconf 90' lang='lat' dir='ltr'>actuum</span> <span class='ocrx_word' id='word_1_56' title='bbox 592 1139 753 1205; x_wconf 90' lang='lat' dir='ltr'>divisionis</span> <span class='ocrx_word' id='word_1_57' title='bbox 768 1139 955 1221; x_wconf 90' lang='lat' dir='ltr'>propositum</span> <span class='ocrx_word' id='word_1_58' title='bbox 976 1144 1022 1202; x_wconf 90' lang='lat' dir='ltr'>est</span> <span class='ocrx_word' id='word_1_59' title='bbox 1043 1139 1217 1220; x_wconf 87' lang='lat' dir='ltr'>periculum</span> 
     </span>
     <span class='ocr_line' id='line_1_9' title="bbox 111 1245 1218 1331; baseline 0.006 -22"><span class='ocrx_word' id='word_1_60' title='bbox 111 1245 227 1328; x_wconf 84' lang='lat' dir='ltr'>lacere,</span> <span class='ocrx_word' id='word_1_61' title='bbox 250 1264 308 1331; x_wconf 86' lang='lat' dir='ltr'>qua</span> <span class='ocrx_word' id='word_1_62' title='bbox 320 1249 413 1312; x_wconf 91' lang='lat' dir='ltr'>medii</span> <span class='ocrx_word' id='word_1_63' title='bbox 432 1250 499 1314; x_wconf 90' lang='lat' dir='ltr'>aevi</span> <span class='ocrx_word' id='word_1_64' title='bbox 520 1250 657 1314; x_wconf 85' lang='lat' dir='ltr'>editores</span> <span class='ocrx_word' id='word_1_65' title='bbox 681 1249 860 1314; x_wconf 87' lang='lat' dir='ltr'>comoediae</span> <span class='ocrx_word' id='word_1_66' title='bbox 879 1248 1049 1330; x_wconf 91' lang='lat' dir='ltr'>principem</span> <span class='ocrx_word' id='word_1_67' title='bbox 1072 1252 1218 1316; x_wconf 84' lang='lat' dir='ltr'>comma-</span> 
     </span>
     <span class='ocr_line' id='line_1_10' title="bbox 112 1336 1217 1439; baseline 0.005 -19"><span class='ocrx_word' id='word_1_68' title='bbox 112 1357 261 1422; x_wconf 90' lang='lat' dir='ltr'>cularunt.</span> <span class='ocrx_word' id='word_1_69' title='bbox 320 1359 467 1424; x_wconf 89' lang='lat' dir='ltr'>Omittcre</span> <span class='ocrx_word' id='word_1_70' title='bbox 497 1359 596 1424; x_wconf 88' lang='lat' dir='ltr'>visum</span> <span class='ocrx_word' id='word_1_71' title='bbox 629 1366 677 1424; x_wconf 88' lang='lat' dir='ltr'>est</span> <span class='ocrx_word' id='word_1_72' title='bbox 700 1360 798 1423; x_wconf 88' lang='lat' dir='ltr'>lama</span> <span class='ocrx_word' id='word_1_73' title='bbox 829 1336 998 1439; x_wconf 44' lang='lat' dir='ltr'>Wolffic&#39;in</span> <span class='ocrx_word' id='word_1_74' title='bbox 1027 1360 1122 1424; x_wconf 85' lang='lat' dir='ltr'>altera</span> <span class='ocrx_word' id='word_1_75' title='bbox 1147 1360 1217 1426; x_wconf 89' lang='lat' dir='ltr'>dis-</span> 
     </span>
    </p>
   </div>
   <div class='ocr_carea' id='block_1_3' title="bbox 35 1468 1218 2207">
    <p class='ocr_par' dir='ltr' id='par_1_4' title="bbox 35 1468 1218 2207">
     <span class='ocr_line' id='line_1_11' title="bbox 112 1468 1218 1551; baseline 0.005 -21"><span class='ocrx_word' id='word_1_76' title='bbox 112 1468 280 1532; x_wconf 90' lang='lat' dir='ltr'>sertatione</span> <span class='ocrx_word' id='word_1_77' title='bbox 299 1473 443 1534; x_wconf 88' lang='lat' dir='ltr'>tractatas</span> <span class='ocrx_word' id='word_1_78' title='bbox 464 1468 594 1551; x_wconf 87' lang='lat' dir='ltr'>fabulas,</span> <span class='ocrx_word' id='word_1_79' title='bbox 617 1486 760 1533; x_wconf 88' lang='lat' dir='ltr'>necnon</span> <span class='ocrx_word' id='word_1_80' title='bbox 783 1487 846 1547; x_wconf 87' lang='lat' dir='ltr'>eas,</span> <span class='ocrx_word' id='word_1_81' title='bbox 870 1487 948 1550; x_wconf 88' lang='lat' dir='ltr'>quae</span> <span class='ocrx_word' id='word_1_82' title='bbox 970 1489 1008 1533; x_wconf 89' lang='lat' dir='ltr'>ex</span> <span class='ocrx_word' id='word_1_83' title='bbox 1027 1469 1218 1546; x_wconf 84' lang='lat' dir='ltr'>recensione</span> 
     </span>
     <span class='ocr_line' id='line_1_12' title="bbox 35 1574 1217 1663; baseline 0.005 -26"><span class='ocrx_word' id='word_1_84' title='bbox 35 1605 51 1647; x_wconf 59' lang='grc' dir='ltr'>,ι</span> <span class='ocrx_word' id='word_1_85' title='bbox 109 1574 267 1640; x_wconf 80' lang='lat' dir='ltr'>Ritsclcclic&#39;</span> <span class='ocrx_word' id='word_1_86' title='bbox 299 1578 490 1647; x_wconf 87' lang='lat' dir='ltr'>antiuuarurn</span> <span class='ocrx_word' id='word_1_87' title='bbox 526 1579 693 1643; x_wconf 89' lang='lat' dir='ltr'>litterarum</span> <span class='ocrx_word' id='word_1_88' title='bbox 720 1579 866 1644; x_wconf 84' lang='lat' dir='ltr'>studiosis</span> <span class='ocrx_word' id='word_1_89' title='bbox 901 1579 1096 1663; x_wconf 88' lang='lat' dir='ltr'>inpromptu</span> <span class='ocrx_word' id='word_1_90' title='bbox 1123 1586 1217 1659; x_wconf 89' lang='lat' dir='ltr'>sunt;</span> 
     </span>
     <span class='ocr_line' id='line_1_13' title="bbox 113 1686 1217 1771; baseline 0.005 -22"><span class='ocrx_word' id='word_1_91' title='bbox 113 1686 190 1767; x_wconf 82' lang='lat' dir='ltr'>quas</span> <span class='ocrx_word' id='word_1_92' title='bbox 212 1705 251 1750; x_wconf 86' lang='lat' dir='ltr'>ex</span> <span class='ocrx_word' id='word_1_93' title='bbox 269 1687 327 1751; x_wconf 89' lang='lat' dir='ltr'>hac</span> <span class='ocrx_word' id='word_1_94' title='bbox 350 1689 471 1769; x_wconf 83' lang='lat' dir='ltr'>quidem</span> <span class='ocrx_word' id='word_1_95' title='bbox 493 1695 579 1770; x_wconf 88' lang='lat' dir='ltr'>parte</span> <span class='ocrx_word' id='word_1_96' title='bbox 593 1689 914 1770; x_wconf 88' lang='lat' dir='ltr'>praeclarissimiviri</span> <span class='ocrx_word' id='word_1_97' title='bbox 936 1706 1030 1770; x_wconf 90' lang='lat' dir='ltr'>opera</span> <span class='ocrx_word' id='word_1_98' title='bbox 1050 1689 1142 1771; x_wconf 86' lang='lat' dir='ltr'>plane</span> <span class='ocrx_word' id='word_1_99' title='bbox 1160 1708 1217 1755; x_wconf 89' lang='lat' dir='ltr'>sa-</span> 
     </span>
     <span class='ocr_line' id='line_1_14' title="bbox 111 1797 1218 1883; baseline 0.005 -25"><span class='ocrx_word' id='word_1_100' title='bbox 111 1800 200 1859; x_wconf 89' lang='lat' dir='ltr'>natas</span> <span class='ocrx_word' id='word_1_101' title='bbox 229 1815 316 1878; x_wconf 90' lang='lat' dir='ltr'>esse,</span> <span class='ocrx_word' id='word_1_102' title='bbox 339 1798 390 1879; x_wconf 91' lang='lat' dir='ltr'>qui</span> <span class='ocrx_word' id='word_1_103' title='bbox 409 1799 508 1879; x_wconf 82' lang='lat' dir='ltr'>uolet,</span> <span class='ocrx_word' id='word_1_104' title='bbox 532 1798 623 1862; x_wconf 81' lang='lat' dir='ltr'>facile</span> <span class='ocrx_word' id='word_1_105' title='bbox 647 1797 807 1883; x_wconf 76' lang='lat' dir='ltr'>intelliget.</span> <span class='ocrx_word' id='word_1_106' title='bbox 850 1799 976 1862; x_wconf 83' lang='lat' dir='ltr'>Restant</span> <span class='ocrx_word' id='word_1_107' title='bbox 994 1798 1108 1882; x_wconf 81' lang='lat' dir='ltr'>igitur,</span> <span class='ocrx_word' id='word_1_108' title='bbox 1133 1817 1218 1881; x_wconf 88' lang='lat' dir='ltr'>quae</span> 
     </span>
     <span class='ocr_line' id='line_1_15' title="bbox 112 1905 1216 1992; baseline 0.006 -25"><span class='ocrx_word' id='word_1_109' title='bbox 112 1905 145 1968; x_wconf 92' lang='lat' dir='ltr'>in</span> <span class='ocrx_word' id='word_1_110' title='bbox 169 1925 298 1972; x_wconf 86' lang='lat' dir='ltr'>examen</span> <span class='ocrx_word' id='word_1_111' title='bbox 318 1915 485 1990; x_wconf 85' lang='lat' dir='ltr'>vocentur,</span> <span class='ocrx_word' id='word_1_112' title='bbox 512 1909 671 1990; x_wconf 85' lang='lat' dir='ltr'>Curculio,</span> <span class='ocrx_word' id='word_1_113' title='bbox 694 1909 824 1990; x_wconf 85' lang='lat' dir='ltr'>Casina,</span> <span class='ocrx_word' id='word_1_114' title='bbox 848 1908 1031 1990; x_wconf 83' lang='lat' dir='ltr'>Cistellaria,</span> <span class='ocrx_word' id='word_1_115' title='bbox 1052 1909 1216 1992; x_wconf 85' lang='lat' dir='ltr'>Epidicus,</span> 
     </span>
     <span class='ocr_line' id='line_1_16' title="bbox 109 2013 1217 2098; baseline 0.007 -22"><span class='ocrx_word' id='word_1_116' title='bbox 109 2013 307 2098; x_wconf 79' lang='lat' dir='ltr'>Mostellaria,</span> <span class='ocrx_word' id='word_1_117' title='bbox 327 2019 493 2097; x_wconf 84' lang='lat' dir='ltr'>Mercator,</span> <span class='ocrx_word' id='word_1_118' title='bbox 517 2017 679 2097; x_wconf 88' lang='lat' dir='ltr'>Poenulus,</span> <span class='ocrx_word' id='word_1_119' title='bbox 701 2018 804 2098; x_wconf 88' lang='lat' dir='ltr'>Persa,</span> <span class='ocrx_word' id='word_1_120' title='bbox 836 2017 970 2098; x_wconf 85' lang='lat' dir='ltr'>Rudens,</span> <span class='ocrx_word' id='word_1_121' title='bbox 996 2016 1217 2098; x_wconf 62' lang='lat' dir='ltr'>truculentum</span> 
     </span>
     <span class='ocr_line' id='line_1_17' title="bbox 111 2116 903 2207; baseline 0.003 -17"><span class='ocrx_word' id='word_1_122' title='bbox 111 2124 151 2190; x_wconf 89' lang='lat' dir='ltr'>ad</span> <span class='ocrx_word' id='word_1_123' title='bbox 173 2143 248 2207; x_wconf 88' lang='lat' dir='ltr'>quas</span> <span class='ocrx_word' id='word_1_124' title='bbox 270 2116 501 2207; x_wconf 79' lang='lat' dir='ltr'>pertractandas</span> <span class='ocrx_word' id='word_1_125' title='bbox 523 2128 584 2192; x_wconf 88' lang='lat' dir='ltr'>iam</span> <span class='ocrx_word' id='word_1_126' title='bbox 605 2128 822 2194; x_wconf 88' lang='lat' dir='ltr'>transeundum</span> <span class='ocrx_word' id='word_1_127' title='bbox 847 2135 903 2194; x_wconf 89' lang='lat' dir='ltr'>est.</span> 
     </span>
    </p>
   </div>
   <div class='ocr_carea' id='block_1_4' title="bbox 467 2365 846 2432">
    <p class='ocr_par' dir='ltr' id='par_1_5' title="bbox 467 2365 846 2432">
     <span class='ocr_line' id='line_1_18' title="bbox 467 2365 846 2432; baseline -0.005 0"><span class='ocrx_word' id='word_1_128' title='bbox 467 2365 846 2432; x_wconf 69' lang='lat' dir='ltr'>curculim</span> 
     </span>
    </p>
   </div>
   <div class='ocr_carea' id='block_1_5' title="bbox 124 2526 1216 2646">
    <p class='ocr_par' dir='ltr' id='par_1_6' title="bbox 124 2526 1216 2646">
     <span class='ocr_line' id='line_1_19' title="bbox 124 2526 1216 2646; baseline -0.005 -17"><span class='ocrx_word' id='word_1_129' title='bbox 124 2529 145 2561; x_wconf 29' lang='grc' dir='ltr'><strong>κ</strong></span> <span class='ocrx_word' id='word_1_130' title='bbox 210 2526 305 2629; x_wconf 81' lang='lat' dir='ltr'>Huius</span> <span class='ocrx_word' id='word_1_131' title='bbox 326 2559 448 2626; x_wconf 88' lang='lat' dir='ltr'>fabulae</span> <span class='ocrx_word' id='word_1_132' title='bbox 467 2569 676 2644; x_wconf 81' lang='lat' dir='ltr'>argumentum</span> <span class='ocrx_word' id='word_1_133' title='bbox 693 2579 783 2643; x_wconf 86' lang='lat' dir='ltr'>quum</span> <span class='ocrx_word' id='word_1_134' title='bbox 805 2562 845 2627; x_wconf 88' lang='lat' dir='ltr'>sit</span> <span class='ocrx_word' id='word_1_135' title='bbox 859 2562 1126 2646; x_wconf 87' lang='lat' dir='ltr'>simplicissimum,</span> <span class='ocrx_word' id='word_1_136' title='bbox 1148 2566 1216 2633; x_wconf 88' lang='lat' dir='ltr'>mi.</span> 
     </span>
    </p>
   </div>
   <div class='ocr_carea' id='block_1_6' title="bbox 19 2665 1258 4295">
    <p class='ocr_par' dir='ltr' id='par_1_7' title="bbox 19 2665 1258 4295">
     <span class='ocr_line' id='line_1_20' title="bbox 19 2665 1217 2755; baseline 0 -14"><span class='ocrx_word' id='word_1_137' title='bbox 19 2665 27 2676; x_wconf 65' lang='grc'><strong>“</strong></span> <span class='ocrx_word' id='word_1_138' title='bbox 112 2687 179 2742; x_wconf 87' lang='lat' dir='ltr'>rum</span> <span class='ocrx_word' id='word_1_139' title='bbox 200 2680 264 2755; x_wconf 87' lang='lat' dir='ltr'>est,</span> <span class='ocrx_word' id='word_1_140' title='bbox 297 2670 378 2754; x_wconf 86' lang='lat' dir='ltr'>quod</span> <span class='ocrx_word' id='word_1_141' title='bbox 412 2670 444 2733; x_wconf 93' lang='lat' dir='ltr'>in</span> <span class='ocrx_word' id='word_1_142' title='bbox 466 2669 665 2752; x_wconf 87' lang='lat' dir='ltr'>dispiciendis</span> <span class='ocrx_word' id='word_1_143' title='bbox 685 2672 815 2754; x_wconf 82' lang='lat' dir='ltr'>singulis</span> <span class='ocrx_word' id='word_1_144' title='bbox 837 2673 903 2738; x_wconf 93' lang='lat' dir='ltr'>eius</span> <span class='ocrx_word' id='word_1_145' title='bbox 924 2672 1060 2755; x_wconf 88' lang='lat' dir='ltr'>partibus</span> <span class='ocrx_word' id='word_1_146' title='bbox 1082 2692 1217 2741; x_wconf 87' lang='lat' dir='ltr'>errave-</span> 
     </span>
     <span class='ocr_line' id='line_1_21' title="bbox 111 2768 1217 2866; baseline 0.001 -16"><span class='ocrx_word' id='word_1_147' title='bbox 111 2791 181 2850; x_wconf 90' lang='lat' dir='ltr'>runt</span> <span class='ocrx_word' id='word_1_148' title='bbox 209 2783 362 2862; x_wconf 88' lang='lat' dir='ltr'>editores,</span> <span class='ocrx_word' id='word_1_149' title='bbox 389 2798 479 2862; x_wconf 86' lang='lat' dir='ltr'>quum</span> <span class='ocrx_word' id='word_1_150' title='bbox 502 2785 601 2845; x_wconf 90' lang='lat' dir='ltr'>actum</span> <span class='ocrx_word' id='word_1_151' title='bbox 631 2785 769 2862; x_wconf 85' lang='lat' dir='ltr'>quartum</span> <span class='ocrx_word' id='word_1_152' title='bbox 795 2783 882 2862; x_wconf 87' lang='lat' dir='ltr'>alV,</span> <span class='ocrx_word' id='word_1_153' title='bbox 907 2784 936 2862; x_wconf 89' lang='lat'>1,</span> <span class='ocrx_word' id='word_1_154' title='bbox 957 2774 1138 2866; x_wconf 85' lang='lat' dir='ltr'>inceperint,</span> <span class='ocrx_word' id='word_1_155' title='bbox 1156 2768 1217 2852; x_wconf 80' lang='lat' dir='ltr'>ulii</span> 
     </span>
     <span class='ocr_line' id='line_1_22' title="bbox 111 2889 1213 2978; baseline 0.001 -19"><span class='ocrx_word' id='word_1_156' title='bbox 111 2892 200 2959; x_wconf 92' lang='lat' dir='ltr'>dolus</span> <span class='ocrx_word' id='word_1_157' title='bbox 222 2912 240 2958; x_wconf 89' lang='lat' dir='ltr'>a</span> <span class='ocrx_word' id='word_1_158' title='bbox 261 2891 395 2975; x_wconf 88' lang='lat' dir='ltr'>parasito</span> <span class='ocrx_word' id='word_1_159' title='bbox 417 2889 610 2978; x_wconf 84' lang='lat' dir='ltr'>excogitatus</span> <span class='ocrx_word' id='word_1_160' title='bbox 633 2889 769 2954; x_wconf 93' lang='lat' dir='ltr'>nondum</span> <span class='ocrx_word' id='word_1_161' title='bbox 797 2890 837 2955; x_wconf 92' lang='lat' dir='ltr'>ad</span> <span class='ocrx_word' id='word_1_162' title='bbox 856 2891 947 2956; x_wconf 88' lang='lat' dir='ltr'>linem</span> <span class='ocrx_word' id='word_1_163' title='bbox 970 2893 1010 2957; x_wconf 88' lang='lat' dir='ltr'>sit</span> <span class='ocrx_word' id='word_1_164' title='bbox 1031 2894 1213 2976; x_wconf 88' lang='lat' dir='ltr'>perductus.</span> 
     </span>
     <span class='ocr_line' id='line_1_23' title="bbox 110 2999 1212 3085; baseline 0 -17"><span class='ocrx_word' id='word_1_165' title='bbox 110 3004 187 3069; x_wconf 93' lang='lat' dir='ltr'>lllud</span> <span class='ocrx_word' id='word_1_166' title='bbox 218 3003 298 3068; x_wconf 88' lang='lat' dir='ltr'>enirn</span> <span class='ocrx_word' id='word_1_167' title='bbox 331 3000 522 3083; x_wconf 92' lang='lat' dir='ltr'>potissimum</span> <span class='ocrx_word' id='word_1_168' title='bbox 543 2999 708 3065; x_wconf 90' lang='lat' dir='ltr'>tenendum</span> <span class='ocrx_word' id='word_1_169' title='bbox 730 3007 794 3084; x_wconf 84' lang='lat' dir='ltr'>est,</span> <span class='ocrx_word' id='word_1_170' title='bbox 817 3020 886 3085; x_wconf 86' lang='lat' dir='ltr'>eas,</span> <span class='ocrx_word' id='word_1_171' title='bbox 909 3018 984 3085; x_wconf 90' lang='lat' dir='ltr'>quas</span> <span class='ocrx_word' id='word_1_172' title='bbox 1009 3008 1095 3068; x_wconf 90' lang='lat' dir='ltr'>actus</span> <span class='ocrx_word' id='word_1_173' title='bbox 1118 3020 1212 3077; x_wconf 87' lang='lat' dir='ltr'>com-</span> 
     </span>
     <span class='ocr_line' id='line_1_24' title="bbox 108 3110 1214 3197; baseline 0.001 -19"><span class='ocrx_word' id='word_1_174' title='bbox 108 3113 279 3197; x_wconf 86' lang='lat' dir='ltr'>plectantur</span> <span class='ocrx_word' id='word_1_175' title='bbox 298 3111 429 3177; x_wconf 90' lang='lat' dir='ltr'>actionis</span> <span class='ocrx_word' id='word_1_176' title='bbox 447 3117 568 3193; x_wconf 86' lang='lat' dir='ltr'>partes,</span> <span class='ocrx_word' id='word_1_177' title='bbox 588 3110 621 3174; x_wconf 92' lang='lat' dir='ltr'>in</span> <span class='ocrx_word' id='word_1_178' title='bbox 641 3129 675 3177; x_wconf 90' lang='lat' dir='ltr'>se</span> <span class='ocrx_word' id='word_1_179' title='bbox 698 3110 819 3178; x_wconf 88' lang='lat' dir='ltr'>clausas</span> <span class='ocrx_word' id='word_1_180' title='bbox 842 3131 931 3194; x_wconf 91' lang='lat' dir='ltr'>esse,</span> <span class='ocrx_word' id='word_1_181' title='bbox 955 3119 985 3179; x_wconf 94' lang='lat' dir='ltr'>et</span> <span class='ocrx_word' id='word_1_182' title='bbox 1005 3113 1093 3195; x_wconf 86' lang='lat' dir='ltr'>quasi</span> <span class='ocrx_word' id='word_1_183' title='bbox 1107 3114 1214 3179; x_wconf 88' lang='lat' dir='ltr'>aclio-</span> 
     </span>
     <span class='ocr_line' id='line_1_25' title="bbox 110 3220 1219 3304; baseline -0.004 -15"><span class='ocrx_word' id='word_1_184' title='bbox 110 3241 180 3289; x_wconf 84' lang='lat' dir='ltr'>nam</span> <span class='ocrx_word' id='word_1_185' title='bbox 202 3222 234 3304; x_wconf 86' lang='lat' dir='ltr'>in</span> <span class='ocrx_word' id='word_1_186' title='bbox 255 3221 378 3286; x_wconf 90' lang='lat' dir='ltr'>actione</span> <span class='ocrx_word' id='word_1_187' title='bbox 400 3220 559 3284; x_wconf 90' lang='lat' dir='ltr'>continere</span> <span class='ocrx_word' id='word_1_188' title='bbox 583 3220 717 3299; x_wconf 87' lang='lat' dir='ltr'>dehere;</span> <span class='ocrx_word' id='word_1_189' title='bbox 740 3221 848 3303; x_wconf 87' lang='lat' dir='ltr'>quibus</span> <span class='ocrx_word' id='word_1_190' title='bbox 870 3223 949 3288; x_wconf 92' lang='lat' dir='ltr'>bene</span> <span class='ocrx_word' id='word_1_191' title='bbox 969 3223 1050 3287; x_wconf 92' lang='lat' dir='ltr'>inter</span> <span class='ocrx_word' id='word_1_192' title='bbox 1073 3241 1108 3289; x_wconf 90' lang='lat' dir='ltr'>se</span> <span class='ocrx_word' id='word_1_193' title='bbox 1129 3239 1219 3288; x_wconf 88' lang='lat' dir='ltr'>con-.</span> 
     </span>
     <span class='ocr_line' id='line_1_26' title="bbox 108 3322 1217 3414; baseline -0.002 -15"><span class='ocrx_word' id='word_1_194' title='bbox 108 3333 221 3399; x_wconf 86' lang='lat' dir='ltr'>iunctis</span> <span class='ocrx_word' id='word_1_195' title='bbox 244 3332 375 3398; x_wconf 84' lang='lat' dir='ltr'>efficitur</span> <span class='ocrx_word' id='word_1_196' title='bbox 395 3328 611 3394; x_wconf 81' lang='lat' dir='ltr'>Aristotelicus</span> <span class='ocrx_word' id='word_1_197' title='bbox 629 3328 680 3394; x_wconf 92' lang='lat' dir='ltr'>ille</span> <span class='ocrx_word' id='word_1_198' title='bbox 699 3329 805 3411; x_wconf 76' lang='grc' dir='ltr'><em>μῦθος</em></span> <span class='ocrx_word' id='word_1_199' title='bbox 826 3322 882 3413; x_wconf 81' lang='grc' dir='ltr'>εἷς,</span> <span class='ocrx_word' id='word_1_200' title='bbox 904 3338 1002 3414; x_wconf 82' lang='lat' dir='ltr'>(poet.</span> <span class='ocrx_word' id='word_1_201' title='bbox 1019 3333 1055 3412; x_wconf 86' lang='grc'>8)</span> <span class='ocrx_word' id='word_1_202' title='bbox 1077 3333 1158 3397; x_wconf 88' lang='lat' dir='ltr'>sicut</span> <span class='ocrx_word' id='word_1_203' title='bbox 1174 3333 1217 3397; x_wconf 89' lang='lat' dir='ltr'>in-</span> 
     </span>
     <span class='ocr_line' id='line_1_27' title="bbox 107 3438 1253 3525; baseline 0.001 -19"><span class='ocrx_word' id='word_1_204' title='bbox 107 3446 200 3507; x_wconf 79' lang='lat' dir='ltr'>uitam</span> <span class='ocrx_word' id='word_1_205' title='bbox 220 3441 369 3524; x_wconf 91' lang='lat' dir='ltr'>picturam</span> <span class='ocrx_word' id='word_1_206' title='bbox 392 3439 533 3525; x_wconf 83' lang='lat' dir='ltr'>singulae</span> <span class='ocrx_word' id='word_1_207' title='bbox 558 3438 725 3525; x_wconf 78' lang='lat' dir='ltr'>imaginum</span> <span class='ocrx_word' id='word_1_208' title='bbox 753 3441 987 3508; x_wconf 91' lang='lat' dir='ltr'>coniunctiones</span> <span class='ocrx_word' id='word_1_209' title='bbox 1017 3442 1208 3509; x_wconf 86' lang='lat' dir='ltr'>coalescunt.</span> <span class='ocrx_word' id='word_1_210' title='bbox 1249 3510 1253 3517; x_wconf 75' lang='grc'>,</span> 
     </span>
     <span class='ocr_line' id='line_1_28' title="bbox 109 3549 1208 3635; baseline 0.003 -19"><span class='ocrx_word' id='word_1_211' title='bbox 109 3551 228 3630; x_wconf 82' lang='lat' dir='ltr'>Quodsi</span> <span class='ocrx_word' id='word_1_212' title='bbox 249 3550 280 3614; x_wconf 93' lang='lat' dir='ltr'>in</span> <span class='ocrx_word' id='word_1_213' title='bbox 302 3556 439 3616; x_wconf 87' lang='lat' dir='ltr'>nostram</span> <span class='ocrx_word' id='word_1_214' title='bbox 458 3549 592 3616; x_wconf 84' lang='lat' dir='ltr'>labulanr</span> <span class='ocrx_word' id='word_1_215' title='bbox 607 3550 831 3633; x_wconf 82' lang='lat' dir='ltr'>transferimus,</span> <span class='ocrx_word' id='word_1_216' title='bbox 853 3553 974 3618; x_wconf 88' lang='lat' dir='ltr'>tertium</span> <span class='ocrx_word' id='word_1_217' title='bbox 989 3558 1088 3618; x_wconf 88' lang='lat' dir='ltr'>actum</span> <span class='ocrx_word' id='word_1_218' title='bbox 1109 3557 1208 3635; x_wconf 80' lang='lat' dir='ltr'>usque</span> 
     </span>
     <span class='ocr_line' id='line_1_29' title="bbox 110 3654 1209 3747; baseline 0.003 -21"><span class='ocrx_word' id='word_1_219' title='bbox 110 3654 221 3744; x_wconf 72' lang='lat' dir='ltr'>cdlv,</span> <span class='ocrx_word' id='word_1_220' title='bbox 241 3663 261 3737; x_wconf 77' lang='lat'><strong>2</strong></span> <span class='ocrx_word' id='word_1_221' title='bbox 283 3667 360 3725; x_wconf 87' lang='lat' dir='ltr'>extr.</span> <span class='ocrx_word' id='word_1_222' title='bbox 377 3658 551 3725; x_wconf 89' lang='lat' dir='ltr'>continuari</span> <span class='ocrx_word' id='word_1_223' title='bbox 569 3659 683 3724; x_wconf 88' lang='lat' dir='ltr'>debere</span> <span class='ocrx_word' id='word_1_224' title='bbox 699 3660 856 3742; x_wconf 85' lang='lat' dir='ltr'>apparebit</span> <span class='ocrx_word' id='word_1_225' title='bbox 862 3681 872 3739; x_wconf 92' lang='lat'>;</span> <span class='ocrx_word' id='word_1_226' title='bbox 886 3679 946 3743; x_wconf 88' lang='lat' dir='ltr'>quo</span> <span class='ocrx_word' id='word_1_227' title='bbox 961 3664 1054 3744; x_wconf 86' lang='lat' dir='ltr'>iacto,</span> <span class='ocrx_word' id='word_1_228' title='bbox 1067 3661 1209 3747; x_wconf 71' lang='lat' dir='ltr'>singulae</span> 
     </span>
     <span class='ocr_line' id='line_1_30' title="bbox 108 3768 1208 3855; baseline 0.001 -18"><span class='ocrx_word' id='word_1_229' title='bbox 108 3777 212 3854; x_wconf 86' lang='lat' dir='ltr'>partes</span> <span class='ocrx_word' id='word_1_230' title='bbox 234 3770 364 3836; x_wconf 79' lang='lat' dir='ltr'>eodonis</span> <span class='ocrx_word' id='word_1_231' title='bbox 392 3769 522 3855; x_wconf 79' lang='lat' dir='ltr'>singulis</span> <span class='ocrx_word' id='word_1_232' title='bbox 545 3768 667 3835; x_wconf 86' lang='lat' dir='ltr'>fabulae</span> <span class='ocrx_word' id='word_1_233' title='bbox 689 3769 844 3852; x_wconf 79' lang='lat' dir='ltr'>partibus,</span> <span class='ocrx_word' id='word_1_234' title='bbox 867 3771 976 3853; x_wconf 87' lang='lat' dir='ltr'>quibus</span> <span class='ocrx_word' id='word_1_235' title='bbox 998 3771 1208 3838; x_wconf 84' lang='lat' dir='ltr'>absolvendae</span> 
     </span>
     <span class='ocr_line' id='line_1_31' title="bbox 82 3878 1207 3964; baseline 0 -18"><span class='ocrx_word' id='word_1_236' title='bbox 82 3908 84 3913; x_wconf 95' lang='lat'>·</span> <span class='ocrx_word' id='word_1_237' title='bbox 109 3887 190 3961; x_wconf 90' lang='lat' dir='ltr'>sunt,</span> <span class='ocrx_word' id='word_1_238' title='bbox 213 3880 325 3963; x_wconf 91' lang='lat' dir='ltr'>optime</span> <span class='ocrx_word' id='word_1_239' title='bbox 347 3880 544 3945; x_wconf 89' lang='lat' dir='ltr'>conveniunt.</span> <span class='ocrx_word' id='word_1_240' title='bbox 586 3879 687 3944; x_wconf 87' lang='lat' dir='ltr'>Primo</span> <span class='ocrx_word' id='word_1_241' title='bbox 711 3878 792 3944; x_wconf 89' lang='lat' dir='ltr'>enim</span> <span class='ocrx_word' id='word_1_242' title='bbox 814 3885 895 3964; x_wconf 87' lang='lat' dir='ltr'>actu,</span> <span class='ocrx_word' id='word_1_243' title='bbox 915 3889 947 3949; x_wconf 93' lang='lat' dir='ltr'>ut</span> <span class='ocrx_word' id='word_1_244' title='bbox 965 3879 1143 3963; x_wconf 79' lang='lat' dir='ltr'>licri&#39;solet,</span> <span class='ocrx_word' id='word_1_245' title='bbox 1166 3881 1207 3946; x_wconf 91' lang='lat' dir='ltr'>de</span> 
     </span>
     <span class='ocr_line' id='line_1_32' title="bbox 108 3988 1258 4074; baseline 0.003 -19"><span class='ocrx_word' id='word_1_246' title='bbox 108 3996 290 4074; x_wconf 83' lang='lat' dir='ltr'>argumento</span> <span class='ocrx_word' id='word_1_247' title='bbox 320 3988 500 4070; x_wconf 83' lang='lat' dir='ltr'>exponitur3</span> <span class='ocrx_word' id='word_1_248' title='bbox 534 3989 671 4054; x_wconf 88' lang='lat' dir='ltr'>secundo</span> <span class='ocrx_word' id='word_1_249' title='bbox 699 3988 828 4070; x_wconf 86' lang='lat' dir='ltr'>parasiti</span> <span class='ocrx_word' id='word_1_250' title='bbox 853 3992 969 4057; x_wconf 90' lang='lat' dir='ltr'>reditus</span> <span class='ocrx_word' id='word_1_251' title='bbox 1004 3994 1035 4054; x_wconf 89' lang='lat' dir='ltr'>et</span> <span class='ocrx_word' id='word_1_252' title='bbox 1065 3989 1217 4058; x_wconf 81' lang='lat' dir='ltr'>fallaciae.</span> <span class='ocrx_word' id='word_1_253' title='bbox 1255 4040 1258 4047; x_wconf 80' lang='lat'>·</span> 
     </span>
     <span class='ocr_line' id='line_1_33' title="bbox 107 4098 1207 4185; baseline 0.003 -21"><span class='ocrx_word' id='word_1_254' title='bbox 107 4098 212 4185; x_wconf 78' lang='lat' dir='ltr'>lenoni</span> <span class='ocrx_word' id='word_1_255' title='bbox 233 4098 441 4164; x_wconf 89' lang='lat' dir='ltr'>intendendae</span> <span class='ocrx_word' id='word_1_256' title='bbox 463 4098 624 4164; x_wconf 90' lang='lat' dir='ltr'>consilium</span> <span class='ocrx_word' id='word_1_257' title='bbox 650 4098 792 4166; x_wconf 88' lang='lat' dir='ltr'>tribuitur</span> <span class='ocrx_word' id='word_1_258' title='bbox 798 4121 808 4180; x_wconf 82' lang='lat'><em>3</em></span> <span class='ocrx_word' id='word_1_259' title='bbox 831 4102 950 4179; x_wconf 91' lang='lat' dir='ltr'>tertius,</span> <span class='ocrx_word' id='word_1_260' title='bbox 974 4101 1129 4183; x_wconf 84' lang='lat' dir='ltr'>quomodo</span> <span class='ocrx_word' id='word_1_261' title='bbox 1146 4117 1207 4183; x_wconf 89' lang='lat' dir='ltr'>pa·</span> 
     </span>
     <span class='ocr_line' id='line_1_34' title="bbox 105 4207 1207 4295; baseline 0.003 -19"><span class='ocrx_word' id='word_1_262' title='bbox 105 4209 218 4278; x_wconf 86' lang='lat' dir='ltr'>nasitus</span> <span class='ocrx_word' id='word_1_263' title='bbox 237 4226 303 4279; x_wconf 88' lang='lat' dir='ltr'>rem</span> <span class='ocrx_word' id='word_1_264' title='bbox 325 4227 411 4281; x_wconf 86' lang='lat' dir='ltr'>suam</span> <span class='ocrx_word' id='word_1_265' title='bbox 432 4209 575 4295; x_wconf 83' lang='lat' dir='ltr'>gesserit,</span> <span class='ocrx_word' id='word_1_266' title='bbox 599 4207 733 4276; x_wconf 88' lang='lat' dir='ltr'>ostendit</span> <span class='ocrx_word' id='word_1_267' title='bbox 739 4231 749 4292; x_wconf 84' lang='lat'>3</span> <span class='ocrx_word' id='word_1_268' title='bbox 772 4217 895 4294; x_wconf 82' lang='lat' dir='ltr'>quartus</span> <span class='ocrx_word' id='word_1_269' title='bbox 918 4208 1021 4278; x_wconf 86' lang='lat' dir='ltr'>militis</span> <span class='ocrx_word' id='word_1_270' title='bbox 1041 4211 1207 4279; x_wconf 82' lang='lat' dir='ltr'>adrentum</span> 
     </span>
    </p>
   </div>
   <div class='ocr_carea' id='block_1_7' title="bbox 0 0 1332 4860">
    <p class='ocr_par' dir='ltr' id='par_1_8' title="bbox 0 0 1332 4860">
     <span class='ocr_line' id='line_1_35' title="bbox 0 0 1332 4860; baseline 0 2"><span class='ocrx_word' id='word_1_271' title='bbox 0 0 1332 4860; x_wconf 95' lang='lat' dir='ltr'> </span> 
     </span>
    </p>
   </div>
  </div>
 </body>
</html>
