2654 4860
394 249 723 370 “-on-

73 487 204 572 „siivom
226 490 351 568 paeana.
395 486 477 552 Bene
499 487 530 549 in
551 493 705 568 postremo
736 487 871 571 dignitas
904 503 1057 570 personae
1083 485 1172 552 huius

74 586 218 682 „servata
241 605 297 678 est,
318 604 350 662 ut
370 603 601 680 nonperpetuo
624 603 806 662 commutata
825 597 1004 662 videretur:
1037 602 1070 661 ui
1094 595 1175 661 Tru-

74 707 498 789 „cornuumaueniens
541 709 629 773 Unde
658 709 740 774 illam
764 715 891 774 naturae
908 709 1104 774 mutationem
1127 710 1175 773 si·
1270 700 1283 712 ‘

56 818 218 906 xmuletam
241 818 339 883 fuisse
360 818 465 904 colligi
486 824 596 901 potest.
617 819 723 901 Neque
736 817 893 884 Strabaois
916 819 1020 900 patris,
1043 818 1093 883 oui
1107 836 1176 900 rne-

73 929 221 993 reiricum
251 928 332 993 iacta
362 928 592 993 denarraiurum
622 947 657 994 se
683 928 840 1011 profitetur
860 928 1054 1005 stratilaxli,
1077 930 1107 1011 2,
1123 927 1176 1009 53,
1209 1016 1213 1026 „

75 1044 180 1119 partes
200 1039 232 1101 in
254 1044 359 1103 nostra
381 1038 488 1103 fabula·
504 1039 601 1104 fuisse
622 1056 717 1122 aegre
738 1038 813 1103 mihi
836 1038 1052 1119 persuaserim.

176 1148 327 1229 Ceterum,
351 1148 402 1230 qui
413 1146 505 1228 volet,
526 1148 564 1213 ad
587 1148 752 1230 explendas
772 1147 894 1213 fabulae
914 1147 1052 1224 lacunae,
1076 1147 1174 1212 siliis
1273 1193 1274 1197 η

74 1255 177 1338 piacet
200 1274 263 1320 non
285 1258 353 1322 sine
374 1257 475 1322 fructu
495 1259 694 1324 Menandriae
718 1260 839 1335 Θαΐδος
862 1248 1043 1342 fragmentis
1063 1264 1175 1341 utatur,

73 1385 94 1430 e
116 1385 175 1447 qua
188 1357 400 1432 Truculenturn
421 1386 598 1450 expressam
615 1388 686 1434 esse
709 1387 803 1451 quum
818 1375 1067 1453 argumentorum
1087 1370 1177 1434 simi-

72 1475 203 1541 litudine
227 1479 452 1560 comprobatur,
475 1485 537 1542 ium
559 1497 609 1559 eo,
635 1480 717 1561 quod
733 1482 822 1562 frgm.
836 1480 891 1543 lii:
914 1474 986 1559 ,τὸν
1005 1475 1088 1558 μυὸς
1104 1471 1177 1543 ὄλε-

76 1589 187 1668 θρον,“
206 1588 364 1670 proverbii
387 1588 507 1652 scilicet
530 1587 600 1652 loco
625 1589 777 1669 usitatum,
800 1605 864 1652 non
886 1604 1014 1670 prorsus
1038 1588 1179 1653 dissentio
1202 1645 1205 1649 .

74 1719 94 1764 a
117 1699 274 1789 Phronesii
297 1696 401 1763 verbis
422 1699 472 1780 IV,
485 1701 516 1779 4,
534 1702 582 1780 15,
606 1718 661 1782 per
682 1699 792 1764 similia
815 1699 854 1762 de
872 1717 907 1764 se
927 1698 1091 1780 loquentis.

173 1807 257 1871 Haeo
276 1809 379 1890 habui,
399 1827 478 1891 quae
505 1816 740 1890 pertractarem
761 1809 793 1872 in
816 1809 924 1892 quibus
945 1826 1035 1890 quum
1054 1824 1176 1888 semper

71 1921 192 1980 rectum
215 1893 263 1980 me
283 1917 400 1981 vidisse
422 1935 485 1981 non
504 1918 600 1983 ausim
621 1918 813 1999 praedicare,
835 1922 936 1982 tamen
962 1933 1025 1979 non
1048 1915 1172 1981 omnino

71 2010 192 2108 perdita
215 2043 285 2089 esse
310 2025 411 2107 oleum
436 2032 526 2109 atque
548 2043 685 2109 operam,
704 2033 737 2090 ut
760 2026 898 2091 iudicent
917 2026 977 2091 viri
1000 2025 1093 2108 dooii,
1116 2043 1174 2108 pe·

74 2152 133 2199 nes
156 2151 232 2216 quos
255 2141 301 2199 est
322 2137 491 2220 arbitrium,
514 2155 606 2221 spero
628 2143 719 2220 aspre
743 2136 875 2203 confido.
928 2136 931 2140 ’
