2654 4860
610 241 823 304 ..10-

168 417 304 484 Plautina
326 382 433 485 eorum
455 419 683 483 tractandorum
704 419 784 483 ratio
814 416 922 482 mirum
946 420 1089 500 quanlum
1110 415 1278 485 dissimilis·

166 537 215 594 est
237 530 314 631 eius,
338 545 427 610 quam
444 529 617 593 l'ercntium
638 534 775 593 secnbrm
798 547 869 593 esse
896 528 1046 593 videmus.
1080 527 1180 593 Plauti
1203 530 1275 612 qui-
1310 538 1313 543 ·

168 639 238 702 dem
258 638 446 720 temporibus
478 638 613 702 nondum
644 655 682 701 ec
705 637 886 718 eruditionis
910 654 1094 720 progressus
1125 642 1198 702 erat
1215 655 1276 720 po-

63 762 66 767 ’
166 747 265 830 pulus,
287 754 321 810 ut
339 767 357 812 e
376 747 520 812 subtiliat
541 753 684 811 accurata
697 764 815 810 morum
830 747 1048 828 descriptione,
1074 763 1168 829 quam
1191 747 1274 830 ribo-

168 855 275 920 aor'luv
292 857 402 922 Graeci
425 857 546 937 dicunt,
568 857 740 938 sperlecta
762 857 800 920 ab
821 856 961 921 omnibus
982 856 1118 938 partibus
1143 855 1271 922 labala·

132 1036 137 1046 ,
168 984 235 1031 rum
246 967 428 1031 oeconomia
439 972 470 1031 et
482 966 599 1032 actibus
611 967 859 1048 implicatioribus
870 966 1055 1048 voluptatem
1067 984 1183 1049 capere
1196 985 1285 1057 pos-¹

82 1082 98 1129 5
156 1083 225 1144 set.
269 1077 462 1159 Simplicibus
496 1078 590 1161 igitur
621 1079 808 1161 argumentis
840 1077 1018 1159 plerumque
1049 1078 1143 1140 utitur
1163 1083 1271 1159 pocla,

168 1205 350 1269 omnemque
372 1206 496 1269 operam
518 1187 549 1249 in
571 1189 765 1251 sermonibus
778 1185 929 1266 collocat,
963 1188 994 1249 in
1017 1186 1124 1267 quibus
1147 1188 1192 1252 ita
1214 1206 1273 1252 ex-

168 1296 280 1389 celluit,
293 1303 326 1361 ut
335 1296 453 1377 Maras,
463 1296 493 1358 si
508 1296 600 1370 latiae
611 1296 693 1377 loqui
705 1296 823 1376 cadent,
839 1295 979 1358 Plautino
992 1313 1133 1358 ammone
1147 1296 1274 1359 wesm-

146 1469 152 1475 .
168 1425 225 1471 ras
238 1425 305 1470 esse
317 1413 459 1481 veterum⁴
473 1407 610 1470 virorum
632 1406 791 1470 doctorum
808 1406 918 1487 aliquis
933 1406 1053 1469 dixerit.
1075 1404 1158 1469 ldcm
1168 1403 1274 1469 Varro

169 1524 296 1582 testatur
313 1518 391 1600 apud
401 1519 531 1582 Nonium
542 1537 572 1580 v.
585 1534 730 1599 poscere:
750 1517 798 1598 ,in
809 1518 997 1600 argumentis
1008 1515 1158 1579 Caecilius
1169 1516 1275 1595 poscit
1307 1578 1311 1586 Δ

171 1628 327 1709 ,palmam
339 1629 369 1691 in
381 1629 498 1692 elbesin
510 1627 680 1706 Terentius,
691 1628 722 1688 in
732 1626 925 1690 sermonibus
935 1626 1084 1688 Plautus.“
1097 1625 1206 1705 ltaque
1217 1643 1275 1701 ar-

170 1743 314 1823 gumenta
333 1738 497 1818 eiosplane
511 1737 688 1818 perspicere
701 1740 790 1816 alque
815 1753 854 1798 cx
876 1752 980 1798 eorum
1004 1741 1121 1813 natura,
1144 1733 1199 1797 ubi
1222 1735 1276 1799 in-

170 1849 315 1930 terrumpi
338 1849 418 1911 actio
443 1847 562 1926 debeat,
587 1846 776 1910 constituere
799 1863 861 1908 non
890 1843 1015 1933 difficile
1038 1851 1095 1908 est.
1116 1887 1122 1936 7
1137 1845 1275 1909 Accedit

97 1947 102 1956 ’
170 1958 242 2035 buc,
266 1957 348 2038 quod
370 1957 554 2021 obtinendae
578 1974 685 2021 eorum
706 1955 994 2034 verisimilitudinis,
1020 1972 1098 2035 quae
1120 1954 1151 2016 in
1172 1971 1274 2022 scena

171 2066 312 2129 dicantur
339 2052 375 2126 'et
398 2042 551 2149 agantur,
586 2065 826 2129 studiosissimus
858 2066 1009 2146 reperitur
1036 2069 1148 2146 poeta,
1182 2065 1275 2128 cuius

150 2177 296 2239 ”omnino
318 2192 430 2247 novam
457 2176 647 2238 comoediam
680 2174 843 2256 diligenter
868 2176 1018 2257 rationem
1043 2173 1186 2237 babuisse
1211 2176 1273 2238 iam

171 2284 289 2347 monuit
310 2281 496 2344 Rmcbeticr
511 2282 532 2345 Ι.
555 2282 574 2344 l.
599 2300 628 2363 p.
643 2282 714 2346 599.
748 2280 751 2287 ’
774 2280 887 2346 Contra
909 2282 985 2363 apud
1008 2283 1193 2362 Terentium,
1222 2284 1274 2374 qui

171 2395 308 2475 pressius
330 2370 511 2475 exemplaris
525 2394 636 2458 Graeci
658 2393 789 2476 vestigia
803 2398 926 2456 secutus
950 2398 1006 2472 est,
1029 2393 1120 2474 idque
1145 2391 1273 2456 actione

172 2480 362 2585 etpersonis
384 2520 499 2585 augere
521 2504 608 2581 (vide
633 2521 711 2585 quae
733 2504 772 2566 de
793 2502 964 2594 duplicibus
987 2502 1141 2567 amoribus
1161 2500 1274 2567 Dona·
1304 2579 1309 2599 Ι

173 2618 222 2676 tus
244 2611 336 2675 tradit
362 2613 391 2674 in
426 2619 589 2675 comment.
613 2613 652 2676 dc
676 2620 754 2694 trag.
786 2608 828 2676 et'
848 2599 944 2693 com.)
976 2618 1006 2676 ct
1034 2611 1273 2676 contaminando

172 2722 357 2805 amplificare
377 2721 617 2802 implicatiusque
645 2720 778 2784 reddere
800 2724 933 2802 studuit,
960 2724 1085 2785 omnino
1107 2721 1273 2786 artificiosa

172 2832 340 2898 fabularum
366 2833 587 2912 compositione
619 2830 730 2912 populo
760 2830 884 2912 placere
902 2821 1004 2897 'voluit
1025 2833 1145 2911 (Horat.
1162 2850 1210 2914 ep.
1232 2831 1272 2897 ll.

176 2944 205 3021 l,
229 2941 285 3021 59)
315 2941 395 3022 apud
417 2925 591 3004 'ferentium
617 2941 710 3023 igitur
736 2940 876 3024 singulae
897 2943 1026 3006 actionis
1052 2947 1154 3024 partes
1175 2947 1273 3023 atquc

82 3054 88 3061 '
173 3057 277 3115 actus·
299 3051 533 3133 quinquepartiti
579 3048 769 3116 difficiliores
810 3057 881 3118 suni
916 3052 954 3117 ad
992 3044 1304 3118 internoscendum

175 3161 407 3244 Nonnumquam
433 3162 609 3243 autemipsa
631 3163 759 3226 actionis
781 3161 970 3243 amplificatio
993 3164 1111 3227 actibus
1125 3163 1273 3228 dividen·
1308 3230 1317 3243 ⁸,

173 3269 222 3336 dis
245 3270 383 3353 prodest,
396 3276 438 3333 ut
457 3271 488 3332 in
509 3270 626 3334 Andria
648 3273 683 3350 ll,
712 3276 738 3333 l.
766 3271 818 3333 ubi
839 3270 962 3334 Charini
981 3278 1011 3338 et
1038 3274 1180 3361 Pamphili
1203 3275 1274 3340 col-

173 3381 286 3463 loquio
301 3382 426 3462 alteram
449 3377 571 3445 fabulae
589 3386 703 3462 partem
725 3380 846 3445 ostendi
869 3383 1005 3448 Donatus
1028 3384 1131 3449 docet
1171 3404 1186 3463 j

277 3490 447 3566 Restat'ut
468 3509 547 3571 quae
570 3490 609 3554 de
625 3494 726 3556 scenis
743 3493 873 3558 dicenda
895 3497 1082 3576 suntpauois
1096 3495 1275 3561 absolvan-
1306 3574 1309 3579 ι

174 3607 245 3681 tur,
265 3600 312 3700 de
334 3599 443 3682 quibus
474 3601 662 3665 evetcribus
696 3620 774 3665 unus
804 3604 970 3668 Diomedes
999 3605 1146 3669 nonnulla
1168 3583 1272 3672 tradit¹

48 3772 50 3776 ,
144 3734 147 3742 ·
175 3708 214 3775 Et
232 3712 259 3774 is
284 3709 456 3794 quidemde
477 3712 550 3792 ipsis
572 3713 674 3774 scenis
696 3718 729 3773 ut
750 3712 918 3776 minoribus
938 3719 1058 3777 actuum
1071 3716 1275 3798 portionibus,
1304 3722 1307 3727 '

176 3818 444 3904 (qnaeScaligcro
467 3820 579 3900 placuit
600 3820 830 3896 definitio)·n0n
850 3820 993 3906 loquitur,
1015 3825 1071 3889 sed
1092 3825 1179 3906 leges
1198 3831 1273 3889 tan·
1309 3900 1317 3911 ,

178 3935 239 3992 tum
261 3929 291 3992 in
313 3927 459 3994 diverbiis
477 3927 689 3995 observandas
709 3933 821 4011 statuit,
854 3932 960 4014 quibus
983 3955 1052 3999 cum
1076 3935 1202 3999 canticis
1223 3935 1283 4000 iae
1308 3966 1314 3999 z

178 4038 266 4104 bulas
286 4042 474 4122 compositas
495 4057 566 4103 esse
587 4046 726 4105 testeam.
754 4041 903 4114 Quoniam
925 4053 1151 4111 autemscenac
1175 4061 1273 4126 aeque

180 4166 218 4221 ac
233 4149 381 4221 diverbia
400 4151 589 4217 diversarum
610 4167 811 4236 personarum
833 4153 994 4238 colloquiis
1015 4155 1197 4240 consistunt,
1216 4162 1272 4236 (oo
1301 4173 1317 4195 -’
