2654 4860
561 327 759 411 52³:

200 505 348 574 ,imulas
364 520 437 572 suas
449 509 574 571 veteres
590 505 727 570 comicos
743 504 775 568 in
790 508 875 569 actus
896 492 1052 583 divisisse,
1066 502 1213 585 omnium,
1289 474 1295 490 ’

114 633 244 699 quorum
266 616 306 679 de
329 602 388 680 bac
410 634 445 680 re
476 615 590 697 scripta
613 621 750 695 exstant,
785 613 1053 700 grammaticorum
1075 613 1216 692 testimo-

112 725 180 788 niis
198 731 328 789 censtat.
360 725 460 789 Etiam
483 724 523 800 de
544 741 671 788 numero
692 730 810 788 actuum
830 724 874 823 od
893 741 986 786 unum
1008 708 1113 786 onmes
1137 738 1215 784 con.

115 834 271 898 sentiunt:
297 834 467 916 quinarium
488 834 569 898 enim
590 834 700 898 iustum
717 839 746 898 et
766 833 932 919 legitimum
953 848 1024 896 esse
1044 830 1215 912 perhibent.

113 944 252 1027 Donatus
277 943 310 1006 in
330 949 492 1020 com-ment.
513 945 553 1008 de
573 949 652 1029 trag.
676 950 706 1006 et
729 938 819 1024 ccmT,
840 949 1000 1025 postquam
1022 941 1117 1005 choro
1141 924 1214 1003 lati-

112 1070 171 1116 nos
193 1053 331 1117 centices
353 1051 455 1116 locum
477 1069 541 1118 non
560 1051 723 1134 reliquisse
746 1052 898 1133 exposuit,
920 1051 1021 1133 ,unde
1041 1044 1121 1130 apud
1141 1047 1211 1111 illes

118 1168 205 1243 actus
227 1163 489 1244 quinquepartitos
524 1163 669 1227 dirimere
700 1161 826 1226 difficile
850 1166 913 1225 est“
941 1160 1035 1225 addit.
1079 1160 1161 1223 idem
1182 1157 1215 1219 in

70 1262 73 1266 “
113 1272 211 1351 praei.
233 1270 273 1336 ad
294 1271 444 1353 Adelpb.:
468 1271 564 1354 ,haec
587 1271 689 1351 etiam,
714 1276 747 1333 ut
761 1275 882 1334 caetera
898 1267 1113 1333 huiuscemodi
1134 1284 1213 1349 pce-

113 1386 206 1461 mata,
228 1381 363 1462 quinque
385 1387 471 1445 actus
496 1380 607 1444 habeut
628 1397 761 1444 necesse
783 1385 877 1460 est,“i
889 1384 990 1459 neque
1019 1378 1067 1441 bis
1090 1376 1214 1441 dissen-

113 1489 197 1552 tiens
219 1489 364 1554 Horatius
387 1507 435 1570 cp.
458 1488 496 1553 ad
517 1489 664 1553 Pislilil:
721 1546 724 1551 a
994 1502 998 1506 ·
1182 1512 1193 1552 i

310 1598 396 1662 Neve
417 1599 528 1679 minor,
549 1616 609 1662 neu
631 1599 672 1662 sit
692 1597 798 1680 quinte
818 1596 999 1680 productior
1019 1603 1089 1669 actu
1175 1655 1199 1679 ,.

309 1706 433 1791 Fabula,
457 1723 536 1788 quae
560 1707 647 1788 posci
671 1705 751 1784 vult,
774 1711 804 1770 et
825 1711 960 1786 spectata
980 1705 1090 1787 reponi
1105 1711 1144 1782 2).

109 1815 207 1881 liuius
232 1821 333 1881 autem
350 1814 512 1900 divisionis
526 1816 568 1902 ,in
587 1816 760 1880 veterrimis
780 1796 896 1880 nostris
916 1808 1011 1881 Plauti
1032 1814 1215 1880 et'Terentii

109 1903 271 1990 codicibus
295 1926 509 2008 manuscriptis
524 1925 638 1989 nullum
661 1926 816 1991 invenitur
844 1926 1019 2009 vestigium,
1042 1924 1149 2006 neque
1162 1924 1214 2006 qui
1301 1949 1312 1956 -

109 2036 230 2104 Donate
253 2035 428 2126 ceterisque
461 2035 541 2099 illius
562 2035 708 2116 temperis
738 2036 947 2119 grammaticis
978 2041 1101 2116 praesto
1124 2040 1213 2097 erant

111 2145 204 2226 libri,
237 2145 329 2209 ullam
359 2145 426 2209 eius
456 2146 662 2232 praebuerunt
691 2151 812 2226 notam;
844 2164 915 2209 nam
936 2145 963 2208 si
987 2144 1210 2225 praebuissent,

113 2244 275 2337 quasillis
300 2273 393 2320 caesa
426 2255 535 2321 luisset
570 2255 610 2320 de
631 2255 808 2320 difficultate
844 2260 963 2319 actuum
984 2253 1150 2318 divisionis
1169 2259 1216 2316 tot

112 2363 208 2428 verba
229 2336 434 2447 faciendi‘t‘³)
477 2364 674 2447 superposita
698 2370 814 2429 tantum
831 2363 963 2447 singulis
983 2355 1086 2429 scenis
1103 2379 1213 2447 agen-

116 2522 419 2536 -ι-ι-Δ--α--υ--ι-

166 2623 196 2686 2)
215 2619 532 2689 colligendumiertusse
557 2622 678 2690 cuiquam
703 2637 735 2674 ex
758 2602 928 2676 boclleratii
950 2623 1010 2676 loce
1027 2606 1214 2688 videtursen-

212 2717 309 2770 stitisse
340 2716 441 2769 iabulas
468 2717 614 2787 quinarium
639 2726 750 2774 actuum·
768 2735 904 2773 numerum
934 2720 1100 2772 excedentes.
1139 2720 1214 2785 Quod
1241 2748 1247 2758 1

215 2815 336 2884 equidem
356 2830 443 2884 neque
461 2823 594 2884 procerte
613 2816 752 2885 affirmare,
769 2820 858 2888 neque
872 2798 977 2870 omniuo
994 2832 1095 2886 negare
1113 2818 1213 2884 ausim3

210 2911 257 2964 sed
276 2927 355 2981 quum
373 2911 495 2967 licratius
514 2912 645 2965 hocloco
665 2913 698 2967 de
716 2916 786 2966 omni
805 2931 835 2966 re
853 2915 992 2967 dramatico
1011 2915 1037 2966 in
1057 2915 1211 2967 universum

212 3008 366 3076 praecipiat,
382 3009 543 3077 tragoediam
558 3016 585 3061 et
606 3010 767 3063 comoediam
779 3009 911 3079 palliatam
924 3002 952 3062 ib
967 3010 1115 3063 obtinendis
1133 3013 1214 3080 quin.

210 3104 364 3172 quepartitis
383 3103 484 3156 actibus
505 3119 611 3174 semper
630 3106 680 3159 sibi
698 3108 847 3160 constitisse
864 3107 984 3174 arbitror,
1003 3107 1096 3159 relicta
1113 3108 1211 3177 ceteris

212 3188 364 3265 tabularum
377 3199 519 3268 generibus
541 3199 610 3253 buuc
629 3215 763 3254 numerum
782 3201 920 3255 deficiendi
947 3202 990 3269 yel
1010 3203 1154 3282 excedendi
1173 3203 1217 3256 ie-

123 3337 129 3348 .
212 3293 319 3348 cultate.
356 3295 433 3348 liulle
462 3296 532 3370 enim
562 3304 646 3350 exstat
672 3297 757 3349 l'lauti
783 3297 932 3360 Tereutiive
951 3299 1061 3365 iabuls‘,
1080 3315 1147 3368 quae
1165 3316 1213 3353 sea

213 3391 313 3444 actibus
337 3388 467 3444 dividatur
494 3407 606 3446 neccsse
630 3395 680 3459 sit3
707 3409 861 3463 quamquam
880 3394 1060 3464 Kasffnereiu
1077 3411 1125 3451 sua
1145 3398 1210 3448 Am-

211 3487 357 3556 phitmouis
375 3488 500 3542 versione
522 3491 565 3544 bic
589 3505 712 3544 uumerus
733 3491 833 3560 placet,
861 3498 888 3544 et
907 3492 1063 3546 liitscltela'm
1089 3494 1117 3545 iu
1139 3494 1214 3560 prin.

211 3585 281 3652 cipio
300 3584 409 3638 sceuudl
427 3584 587 3639 Bueebidam
605 3593 680 3640 aetus
698 3602 745 3641 sex
772 3587 873 3642 actibus
894 3587 1005 3642 divisam
1026 3588 1138 3641 labulam
1160 3605 1213 3642 uon

211 3679 430 3735 reiormidaudem
447 3689 530 3752 putat.

162 3777 194 3846 3)
214 3774 308 3830 bouet.
336 3778 369 3830 de
387 3786 452 3847 trag.
473 3787 500 3831 et
519 3794 606 3832 coms
634 3780 719 3848 ,unde
746 3779 815 3849 apud
841 3780 937 3835 latinos
956 3783 1071 3836 comicus
1090 3782 1211 3834 dirimere

211 3878 285 3925 ectus
305 3873 530 3943 quinquepartitos
552 3862 660 3927 difficile
673 3883 739 3928 ests
775 3876 813 3928 ld.
833 3891 889 3943 atq.
905 3877 985 3930 Andr.
1006 3876 1095 3944 ,Unde
1113 3885 1210 3945 autem,

211 3975 256 4036 eut
274 3968 415 4038 mentedo,
429 3971 548 4038 queinvis
560 3984 656 4038 ‘aegra
675 3978 760 4023 tamen
780 3971 894 4041 intelligi
912 3973 1092 4042 distinguique
1109 3975 1213 4041 possint

211 4073 294 4132 aetus,
318 4073 359 4118 est
377 4080 474 4134 operae
492 4067 602 4135 pretium
625 4067 738 4120 diceres
774 4067 813 4120 ld.
835 4069 1012 4137 praebitum:
1031 4070 1126 4134 ,Actus
1147 4054 1223 4122 sane*

210 4161 398 4230 impliceticrss
415 4171 474 4217 suut
492 4164 519 4216 lu
538 4178 579 4231 aa,
600 4165 686 4233 etqui
706 4179 758 4217 nou
777 4164 855 4217 lecile
872 4180 993 4233 sparum
1014 4165 1099 4218 doctis
1117 4166 1213 4219 distin·

211 4258 257 4330 gui
276 4259 402 4329 pessiuts‘
457 4308 463 4322 2
499 4254 501 4260 ’
