2654 4860
524 339 594 366 „...
636 316 761 379 121-

108 506 210 568 ectum
242 491 359 564 finitum
374 533 376 540 ι
389 513 461 563 esse
493 495 685 562 statuendum
704 487 757 561 'sit
787 497 835 576 lt:
868 493 963 577 qued<
978 492 1046 576 ipse
1079 492 1211 559 elbrmut
1242 533 1245 544 t

108 611 317 691 Denetus‘iis,
341 627 419 692 quae
432 608 540 690 scripit
553 609 586 672 ln
601 626 669 693 erg.
679 605 809 688 Adelph.
822 605 942 670 verbis:
965 604 1095 687 „deinde
1116 603 1212 698 etiam·

110 721 214 802 „illud
235 720 269 784 in
290 720 420 783 eundem
443 725 542 782 ectum
557 734 651 799 posse
668 715 782 780 coniici
806 721 836 779 et
855 721 919 779 tres
935 719 1118 796 etquattuor
1137 730 1211 785 sce-
1243 791 1250 810 Ι

110 847 185 911 „uus
212 811 428 893 introeuntium
447 834 481 893 'et
506 828 681 891 exeuntium
709 829 939 907 personarum.“
980 823 1056 887 Eum
1085 821 1207 900 vimsssi

109 939 240 1012 heberet
261 938 312 1002 ille
334 937 452 1022 regule,
477 936 616 1000 omnibus
637 937 670 999 in
690 934 800 998 fabulis
830 932 987 1016 quinarius
1011 939 1131 996 actuum
1150 948 1209 995 nu.

110 1066 214 1111 merus
235 1048 331 1132 longe
352 1046 563 1111 excederetur.
617 1046 692 1110 Sunt
712 1045 792 1108 enim
814 1043 956 1122 subulae,
979 1047 1010 1106 et
1031 1059 1087 1106 ese
1107 1040 1209 1122 putis-

110 1158 219 1222 simum
241 1148 414 1237 Plautinae,
449 1157 504 1219 ubi
523 1157 633 1219 novies
664 1130 713 1218 vel
743 1153 849 1218 decies
877 1169 972 1217 scene
1006 1148 1044 1216 eb
1067 1151 1209 1215 omnibus

109 1268 257 1350 personis·
276 1285 374 1331 vecuu
395 1266 462 1345 liet3
483 1264 565 1347 quod
585 1265 653 1329 sine
674 1263 768 1327 dubie
789 1261 959 1344 respiciens
981 1261 1226 1344 grammaticum

110 1394 161 1457 co,
185 1375 267 1459 qued
288 1376 415 1456 eddidit,
439 1381 490 1456 „ut
509 1375 541 1438 in
560 1374 730 1438 eucherus
755 1372 804 1436 vel
825 1372 940 1436 tibicen
960 1368 1060 1459 audiri
1081 1370 1209 1455 possint

112 1486 296 1549 certioribus
328 1485 439 1548 linibus
471 1484 571 1569 legem
604 1500 688 1547 suum
720 1481 979 1565 circumscriptam
1011 1497 1082 1546 esse
1104 1479 1211 1545 veluit

111 1597 173 1661 Sed
197 1596 377 1678 prudentius
399 1614 474 1660 sene
493 1595 544 1659 bic
557 1595 881 1677 tecuissetmegister,
904 1612 993 1678 quum
1017 1593 1099 1666 bend
1119 1589 1212 1657 facile

112 1707 276 1789 quidquem
296 1707 469 1770 invenietur
490 1690 550 1769 h'nc
568 1706 774 1770 additamento
791 1704 956 1785 infelicius,
980 1722 1019 1767 ne
1042 1703 1140 1767 diuum
1162 1703 1213 1764 in·

94 1794 219 1899 ‘epties
263 1803 338 1882 llum
368 1817 397 1880 si
417 1817 551 1880 refertur
579 1815 619 1880 ed
648 1807 804 1880 scenicum
823 1816 1001 1895 ustionem,
1023 1829 1212 1896 supervacn-

111 1940 202 1990 neum
225 1932 273 1989 est
294 1933 384 2007 etque
406 1927 519 2011 legiels
539 1932 702 2008 repugnet,
730 1944 832 2007 quum,
859 1915 940 2007 qu'cd
962 1943 1072 2020 revera
1094 1920 1229 1986 conse-'

111 2050 209 2115 quens
225 2034 284 2116 est,
303 2042 404 2100 truse
416 2045 486 2100 esse
501 2035 721 2118 perhibendum
735 2035 785 2100 sin
805 2052 882 2098 veru
903 2033 941 2098 ed
961 2033 1057 2097 libros
1078 2033 1211 2114 scriptos
1237 2037 1242 2045 ’

84 2136 87 2141 ’
110 2125 340 2226 dispertirem
361 2135 474 2209 meruit
496 2146 654 2228 qblspium
682 2146 708 2210 is
724 2145 816 2210 ullam
838 2143 1093 2238 velimostendut
1114 2143 1207 2223 vium,
1251 2140 1253 2143 ’

111 2266 170 2335 que
193 2249 301 2319 eurum
319 2253 502 2338 significetis
535 2251 665 2343 intelligi
690 2256 797 2338 [remit.
848 2254 951 2318 Cuivis
983 2253 1081 2334 enim,
1117 2270 1209 2335 quum

109 2362 221 2426 nullam
248 2364 284 2426 in
312 2363 399 2428 libris
422 2370 542 2429 actuum
569 2364 620 2427 uel
650 2365 744 2429 auditi
774 2364 915 2428 tibiarum
942 2370 1048 2426 centus
1071 2363 1208 2426 netelin-

109 2483 182 2537 nere
201 2473 380 2554 invenisset,
407 2494 446 2540 ex
470 2492 528 2539 suc
546 2474 685 2550 arbitrie,
704 2474 755 2537 ubi
769 2486 892 2538 scenam
914 2474 953 2537 eb
976 2471 1117 2537 omnibus
1137 2489 1211 2553 per-

164 2784 195 2851 8)
216 2782 258 2835 ct.
278 2782 389 2848 Riteebt
407 2782 456 2836 Die
473 2784 677 2852 ursprunglicbe
689 2784 789 2838 Gestult
808 2784 854 2836 der
871 2784 983 2852 pleutin.
1000 2783 1155 2838 Bacchides.
1173 2784 1204 2838 tt.

207 2860 333 2932 libitus.
352 2880 498 2948 philellV.
520 2897 545 2949 p.
558 2881 636 2936 tes:
662 2883 714 2950 „lm
727 2881 850 2934 Wecbscl
870 2861 920 2934 der
934 2883 1076 2948 Persoueu,
1096 2897 1126 2935 ec
1149 2882 1208 2936 dues

208 2975 266 3041 „die
284 2975 376 3028 Bubus
393 2975 449 3028 leer
467 2977 509 3043 ist,
530 2958 645 3046 liegtun
663 2976 720 3028 sich
739 2992 787 3028 nur
807 2976 849 3028 die
869 2960 1040 3044 bidglicblreit
1059 2979 1206 3030 eiucsdct-

207 3071 376 3138 „schlusses3
403 3088 450 3122 zur
467 3072 703 3142 Notbwendigkeit
730 3073 797 3125 wird
818 3073 935 3146 disselbe
959 3081 1013 3126 eret
1033 3073 1110 3138 (lanu,
1129 3090 1209 3127 wenn

138 3184 144 3203 ¹
208 3167 363 3226 „eutwcde'r
377 3163 469 3218 iuuere
483 3166 587 3221 Grundc
608 3185 640 3218 nu
655 3168 733 3232 J'ener
752 3173 859 3221 dussern
875 3168 1031 3240 Bedinguug
1049 3170 1205 3223 binzukum-

208 3276 293 3328 „mem
313 3263 376 3314 oder
395 3276 472 3315 wenu
491 3262 564 3316 diese
581 3264 664 3317 eclbst
682 3279 734 3317 ven
752 3258 911 3318 besonderer
928 3262 1142 3319 Beschudenheit
1163 3267 1205 3319 ist.

206 3359 290 3426 „Sebr
319 3374 352 3411 ru
376 3342 578 3413 unterscheiden
609 3362 644 3413 ist
671 3360 785 3416 udmliclr
814 3340 949 3414 zwiscben
977 3364 1062 3414 eiuem
1086 3362 1207 3432 ydlligen

209 3455 348 3522 „beerrein
368 3455 414 3508 der
424 3435 535 3522 ‘bunne
554 3457 673 3511 welches
693 3458 752 3509 eine
772 3456 858 3510 Weile
877 3456 1008 3508 endeuem
1030 3461 1137 3525 mdeste,
1155 3461 1208 3512 und

205 3550 280 3630 ,dem
299 3549 546 3622 eugenblieklicbeu
566 3552 757 3618 beerwerdcu,
778 3567 856 3605 wenn
876 3553 1043 3607 unmittelbsr
1060 3555 1207 3609 bisterein.
1302 3566 1310 3601 .·

206 3647 312 3713 „endem
327 3647 357 3712 je
375 3647 426 3700 fust
445 3647 624 3718 gleichzeitig,
643 3648 687 3701 die
711 3650 771 3700 eine
790 3648 886 3702 Person
906 3650 1004 3716 ebulit,
1022 3652 1074 3709 und
1094 3652 1138 3705 die
1157 3667 1206 3704 sn·
1312 3673 1318 3685 ¹

205 3743 285 3810 „dere
304 3759 358 3797 ven
376 3731 450 3796 einer
468 3745 568 3797 endem
587 3728 856 3814 senonensium,
875 3732 1116 3816 wcblvcrnmudn,
1136 3749 1206 3801 cbue

205 3838 283 3907 „dese
314 3840 353 3890 sie
372 3841 496 3893 einander
526 3824 665 3911 begeguen
686 3842 750 3894 oder
773 3837 840 3896 euch
859 3858 908 3894 nur
926 3843 1018 3898 seben.
1065 3845 1118 3897 Der
1137 3852 1207 3897 erstc

205 3918 278 4002 ,guen
296 3926 389 3987 {vinde
409 3936 552 4006 ellerdiugs
571 3936 614 3989 die
629 3937 772 3991 Fortdeuer
792 3937 931 3993 desselben
947 3942 1027 4006 Actes
1045 3940 1206 3994 eusecblies-

206 4043 278 4098 „sen,
306 4046 335 4083 sc
359 4033 475 4101 mussige
503 4034 602 4086 l’euscn
623 4032 667 4086 bet
697 4051 754 4087 men
785 4035 856 4088 nicht
881 4044 1022 4107 gestettct3
1048 4037 1094 4088 der
1108 4035 1207 4091 ender'e

160 4122 162 4125 ’
206 4125 279 4195 „rati
304 4128 424 4200 dagegen
443 4128 513 4204 stelit
531 4131 635 4183 solcher
659 4129 803 4185 Fcrtdeuer
830 4135 903 4186 nicht
926 4137 961 4186 im
981 4133 1125 4187 blindeslen
1146 4145 1205 4188 enta

211 4232 340 4293 „rorone
