2654 4860
559 300 604 323 ...
641 274 684 337 1⁰
726 299 765 318 ..

114 448 261 517 simorum
294 457 469 520 nostrornm
498 452 645 518 librorum
679 453 833 533 conditio,
869 453 910 518 de
941 471 1000 536 pua
1034 472 1131 539 supra
1168 456 1225 522 di·-

74 554 78 567 ’
118 570 198 629 ctum
217 569 274 630 cst.

158 732 160 737 ,
214 674 400 756 Respexisse
415 674 535 739 videtur
557 675 638 738 buue
651 676 793 739 Euantbii
814 676 926 757 locum,
943 694 1032 758 quem
1053 695 1146 742 suum
1168 680 1224 747 ie-

119 791 219 865 cerat,
244 786 401 866 Donatus,
432 785 536 867 quiin
569 803 634 868 arg.
658 786 754 849 Andr.
786 786 975 850 haecdicit:
1004 787 1223 868 ,Divisionem

111 902 248 977 ,actuum
269 896 301 959 in
321 896 423 959 latinis
446 895 557 959 fabulis
590 896 806 962 internoscere
824 895 961 980 'difficile
987 903 1051 975 est;
1086 915 1222 964 causam

112 1005 306 1087 ,iamdudum
327 1004 633 1071 demonstravimus.“
657 1005 732 1070 Nam
745 1023 845 1087 neque
863 1007 895 1069 in
912 1007 1121 1090 grammaticis
1146 1010 1222 1075 eius

60 1126 62 1136 ’
110 1116 243 1196 seriptis,
265 1133 368 1197 neque
388 1116 420 1178 in
446 1117 673 1180 commentariis
696 1116 736 1180 ad
754 1104 899 1180 Terentii
915 1117 1032 1180 tabulas
1054 1117 1220 1200 leguntur,

114 1225 223 1307 quibus
242 1224 295 1288 illa
317 1225 539 1290 demonstratio
561 1224 642 1289 iacta
668 1225 718 1288 sit.
762 1227 848 1300 Quae
869 1231 1047 1308 sequuntur,
1071 1245 1109 1291 eo
1131 1246 1220 1293 con-

110 1335 181 1399 silio
203 1341 273 1399 sunt
294 1335 387 1415 diota,
408 1341 441 1397 ut
459 1325 811 1415 indicetur,‘psomodo,
832 1315 971 1416 qaomois
988 1355 1089 1419 aegre,
1110 1319 1241 1403 tamen.

110 1443 236 1524 intelligi
255 1441 455 1524 distinguique
479 1443 601 1523 possint
621 1443 728 1506 aetus‘:
761 1444 929 1526 ,principio
965 1444 1127 1510 dicendum
1153 1457 1216 1531 est,

36 1552 41 1562 “
111 1553 239 1635 ,nullam
257 1571 422 1635 personam
445 1571 603 1637 egressam
628 1555 811 1647 quinquies,
834 1556 913 1619 ultra
935 1557 1021 1629 exire
1043 1549 1158 1637 poss'e“
1181 1567 1217 1623 et

109 1664 211 1746 paullo
243 1669 328 1745 post:
352 1665 463 1744 ,Posse
493 1671 593 1728 autem
614 1664 719 1744 quinto
743 1656 851 1747 egredi
873 1683 1059 1746 personam,
1078 1672 1156 1730 ‘non
1181 1675 1217 1732 et

109 1790 258 1854 ,necesse
279 1757 350 1840 esse
370 1773 516 1850 dicimus3
548 1778 581 1836 ut
600 1777 765 1854 appareat,
788 1773 865 1836 ultra
889 1774 975 1838 exire
998 1793 1061 1838 non
1085 1764 1213 1857 posse.“

116 1882 249 1968 Wotffies
272 1884 354 1949 hunc
375 1882 477 1946 locum
499 1883 539 1946 ita
562 1881 777 1963 interpretatus
800 1887 857 1962 est,
882 1884 970 1964 quasi
992 1868 1075 1948 dicat
1096 1904 1212 1969 gram·

107 1996 258 2074 matious,
289 1995 322 2057 in
345 1994 477 2076 quinque
509 1993 548 2058 ad
577 2009 726 2056 summum
758 1992 861 2057 scenis
882 2011 1046 2074 personam
1067 1994 1154 2076 loqui
1180 2003 1212 2061 et

46 2121 50 2126 ’
107 2125 203 2191 agere
222 2120 326 2186 posse,
348 2119 447 2185 neque
468 2102 714 2186 distinguendum
739 2108 831 2182 putet,
852 2108 953 2169 ¹utrum
977 2103 1015 2166 de
1037 2107 1208 2184 proscenio

51 2212 59 2222 ⁵
104 2215 271 2281 recesserit
291 2214 407 2277 interea
428 2229 562 2294 persona
588 2217 618 2274 et
639 2212 741 2274 denuo
767 2213 914 2292 prodiens
934 2213 1019 2295 loqui
1039 2214 1206 2298 inceperit,

108 2344 147 2390 an
160 2325 327 2408 perplures
344 2340 456 2388 scenas
469 2339 505 2386 se
519 2321 707 2403 excipientes
725 2321 853 2403 loquens
870 2339 1029 2406 agensque
1042 2341 1212 2399 remanse-

108 2437 158 2500 rit.
182 2435 268 2511 Quod
291 2434 457 2499 discrimen
478 2432 638 2518 permagni
661 2431 767 2497 iacere
778 2433 928 2497 Donatum
941 2453 980 2499 ex
1000 2434 1038 2498 iis
1059 2434 1214 2518 colligere

109 2545 223 2625 debuit,
247 2561 325 2627 quae
343 2543 442 2624 paullo
465 2550 534 2624 post
550 2544 718 2608 adduntur:
743 2543 927 2624 ,confundit
943 2561 1037 2625 saepe
1058 2544 1212 2610 lectorem

106 2655 168 2736 ,id,
191 2654 273 2736 quod
296 2669 428 2734 persona
448 2651 479 2713 in
494 2653 647 2732 superiori
669 2670 763 2716 scena
780 2653 937 2732 desinens,
960 2653 1041 2716 etin
1063 2654 1207 2743 proxima

109 2764 277 2845 ,incipiens
299 2764 384 2845 loqui
402 2780 464 2826 non
485 2760 664 2842 intelligitur
685 2778 811 2842 egressa
821 2766 848 2839 ;“
882 2779 960 2843 quae
974 2779 1050 2826 sane
1072 2779 1111 2826 eo
1134 2781 1210 2845 spe-

106 2879 198 2953 ctant,
221 2892 260 2958 ne
286 2873 324 2936 de
344 2889 483 2946 numero,
508 2871 628 2952 quoties
646 2871 686 2933 sit
700 2887 827 2953 egressa
846 2877 876 2933 et
897 2873 1039 2955 ingressa
1061 2890 1210 2953 persona,

108 2982 240 3063 saliatur,
269 2999 366 3063 eaque
385 2980 424 3044 de
447 2997 540 3043 causa
554 2979 752 3061 prohibeatur
772 2979 880 3059 lector,
904 2982 1065 3063 quominus
1087 2988 1209 3046 actuum

106 3094 184 3157 fines
205 3098 291 3155 reete
313 3090 486 3155 constituat.
530 3089 622 3154 Plane
637 3096 737 3175 autem
762 3108 830 3155 cum
852 3090 969 3172 Wotspio
991 3091 1103 3172 sentio,
1126 3091 1210 3155 hane

107 3192 221 3264 Donati
258 3201 397 3284 regulam
430 3200 516 3262 nihili
558 3190 775 3263 aestimandam
816 3196 992 3278 iudicante3
1022 3219 1090 3264 nam
1124 3202 1216 3266 nullo,

108 3311 200 3395 modo
224 3329 263 3374 ex
297 3328 340 3389 ea
357 3309 434 3372 certi
455 3308 597 3383 constitui
621 3314 749 3389 possunt
770 3314 889 3371 actuum
912 3309 1008 3390 sunm,
1045 3312 1100 3375 sed
1122 3313 1211 3375 eius-

109 3420 194 3483 modi
226 3424 340 3482 tantum
372 3417 486 3500 aliquid
507 3418 698 3504 significatur
720 3417 822 3499 quod,
856 3420 883 3483 si
909 3398 988 3484 forte
1011 3420 1208 3506 migraretur,

107 3530 251 3596 vnmsnn
268 3529 358 3592 forat.
812 3511 814 3516 '

210 3639 300 3715 Quod
328 3654 422 3721 porro
445 3623 601 3722 ‘praecipit
631 3640 784 3703 Donatus:
816 3641 889 3720 ,Est
921 3639 1014 3722 igitur
1044 3640 1210 3726 diligenter

110 3738 518 3832 ,animadvertendumfubi
541 3755 572 3811 et
593 3750 714 3830 quando
745 3766 840 3812 scena
864 3765 960 3812 vacua
980 3748 1020 3812 sit
1042 3752 1080 3814 ab
1104 3752 1209 3814 omni-

112 3861 188 3942 ,bus
208 3858 358 3942 personis,
382 3864 415 3920 ut
435 3860 467 3921 in
483 3878 520 3922 ea
537 3858 649 3922 chorus
663 3857 712 3920 vel
728 3857 843 3920 tibicen
863 3859 962 3924 audiri
984 3860 1083 3942 possit
1093 3880 1103 3938 3
1126 3862 1207 3940 quod

112 3987 221 4053 ,quum
244 3969 395 4049 ridemus,
419 3968 461 4031 ibi
487 3972 585 4030 aetum
607 3984 678 4031 esse
701 3966 816 4032 finitum
836 3969 981 4034 debemus
1004 3977 1207 4050 agnoscere,“

114 4096 152 4143 co
173 4084 287 4143 tantum
308 4078 399 4159 valet,
421 4071 463 4159 ui,
485 4077 538 4141 ubi
561 4081 646 4142 actus
671 4077 771 4140 iinitus
791 4080 840 4160 sit,
863 4096 956 4144 scena
979 4078 1090 4143 debeat
1110 4096 1208 4144 vacua

116 4178 204 4273 esse,
235 4207 336 4272 neque
355 4195 477 4272 tumen,
499 4187 551 4253 ubi
572 4206 669 4257 vacua
688 4192 990 4279 scena-‚rependum
1023 4190 1064 4258 ibi
1087 4205 1208 4273 quoque
