2654 4860
117 447 157 517 de
175 448 367 534 Pleusidippo
388 455 539 536 tamquam
565 459 700 537 cognato
722 469 780 519 suo
801 451 977 537 loquentem
999 450 1095 536 tacit,
1129 464 1221 536 quern

115 560 140 641 Ι,
164 562 184 629 2
204 567 237 626 nt
255 562 394 649 ignotum
416 570 448 628 et
468 564 663 649 peragrinum
684 564 833 630 allocutus
855 565 904 631 sit.

281 750 285 758 ¹
396 736 930 849 Truculentum

216 983 251 1046 ln
273 982 332 1047 bao
352 982 471 1064 iabrda,
489 1000 577 1067 quarn
592 982 855 1049 lacunosissimam
871 987 963 1053 nobis
978 989 1122 1056 traditam
1145 1011 1219 1059 ease

116 1093 167 1178 qui
196 1094 296 1159 obiter
317 1098 430 1157 tanturn
460 1093 594 1177 legarit,
630 1093 722 1159 facilc
753 1094 953 1178 intellexerit,
975 1099 1218 1169 continuandum

117 1210 188 1270 csse
210 1204 340 1287 primum
361 1209 461 1269 actum
492 1220 588 1285 usquc
621 1203 660 1267 ad
683 1204 720 1285 ll,
743 1206 857 1270 dextr.
890 1207 951 1271 iam
979 1207 1107 1275 Botbius
1130 1212 1217 1277 vidit.

115 1315 191 1382 Nam
215 1316 238 1396 l,
262 1317 293 1394 Ι,
319 1315 390 1394 106,
412 1313 464 1378 ubi
486 1313 578 1398 vulgo
600 1315 714 1396 primus
737 1321 822 1379 actus
843 1316 955 1397 finitur,
979 1320 1161 1402 Astaphium
1185 1323 1218 1386 in
1281 1388 1284 1397 ,

117 1442 212 1490 scona
232 1430 380 1505 remanet,
401 1423 483 1507 quod
504 1423 619 1505 primis,
642 1442 720 1506 quae
740 1425 772 1487 in
793 1434 940 1511 sequente
967 1447 1063 1495 scena
1082 1431 1220 1517 loquitur

116 1534 230 1617 verbis,
247 1536 322 1601 satis
345 1533 585 1612 demonstratum
609 1542 721 1616 (quare
744 1553 783 1598 ex
804 1536 826 1620 l,
851 1539 871 1603 Ι
893 1544 923 1603 et
945 1539 982 1620 ΙΙ,
1000 1544 1016 1603 1
1038 1556 1099 1609 uua
1120 1561 1220 1609 scena

114 1646 166 1711 liat
186 1663 322 1733 necesse
339 1653 403 1726 est)
428 1665 529 1730 neque
551 1652 599 1711 est
627 1652 697 1711 ante
720 1646 756 1728 ll,
771 1643 802 1726 t,
817 1646 857 1712 93
889 1648 967 1714 ullus
989 1649 1088 1731 locus,
1109 1652 1166 1717 ubi
1184 1659 1219 1719 et

113 1774 209 1821 scena
230 1756 268 1820 ab
287 1756 428 1820 omnibus
450 1757 594 1838 personis
622 1774 731 1841 vacua
747 1756 931 1839 reperiatur,
958 1766 990 1824 ct
1009 1759 1144 1825 actionis
1164 1762 1220 1826 in·-
1276 1822 1279 1827 .

113 1865 279 1948 tercapcdo
301 1865 390 1929 statui
411 1864 518 1947 possit.
552 1864 694 1930 Secundo
718 1865 801 1929 actui
821 1865 958 1949 reliquae
980 1874 1123 1951 quattuor
1146 1889 1220 1939 soc.

112 1994 172 2041 nac
193 1975 374 2041 tribuendae
393 1982 480 2055 sunt,
502 1975 630 2057 quaein
651 1974 775 2058 vulgata
803 1977 989 2045 recensione
1007 1977 1221 2049 inscribuntur

115 2085 152 2165 ll,
174 2087 203 2150 5.
227 2087 264 2165 ll,
283 2086 313 2166 6,
336 2083 375 2162 ΙΙ,
397 2084 426 2147 7.
448 2084 485 2165 ΙΙ,
509 2085 540 2150 8.
570 2101 672 2166 neque
694 2085 803 2166 minus,
827 2103 906 2168 quae
927 2103 1011 2153 nunc
1032 2090 1221 2172 complecti.

112 2201 161 2259 tur
184 2195 285 2287 tertio.
337 2195 469 2270 Quartus
492 2198 578 2257 aetus
610 2194 683 2274 quin
706 2212 825 2275 omnes,
846 2212 925 2277 purae
941 2205 1115 2281 supersunt,
1138 2202 1223 2268 reli·
1251 2284 1257 2291 ⁵

113 2323 188 2389 quas
211 2303 332 2370 fabulae
358 2320 469 2369 scenas
492 2301 667 2385 complexus
691 2302 747 2383 sit,
772 2320 834 2367 non
856 2305 1108 2391 dubit03'cxcipit
1130 2313 1217 2379 enirn
1262 2376 1268 2393 ,

110 2416 180 2480 sine
200 2413 378 2498 intervallo,
415 2414 521 2496 quiin
546 2412 730 2479 aditionibus
761 2413 883 2496 quintus
911 2417 1091 2483 inscribitur
1110 2428 1215 2504 actus,
1264 2458 1271 2473 ·

112 2533 277 2593 extremam
307 2525 407 2608 quarti
434 2543 558 2590 scenam
569 2547 579 2605 3
603 2526 685 2607 quod
706 2525 859 2590 luculente
887 2528 1050 2593 ostendunt
1070 2530 1216 2614 Astapbii

112 2636 208 2702 verba
222 2635 273 2712 ΙΙΙ,
285 2631 316 2714 4,
328 2635 383 2699 37:
406 2634 524 2718 ,adest
533 2635 650 2715 pueri,“
673 2635 726 2698 nbi
744 2631 854 2715 ‘puter'
873 2634 1114 2703 subaudiendum
1139 2658 1216 2709 ease

112 2749 145 2815 in
168 2746 275 2812 oculos
296 2746 434 2810 incurrit.
490 2744 579 2820 Quod
609 2762 701 2825 quum
730 2745 862 2809 sanserit
883 2745 1087 2828 Botbius,'eo
1108 2753 1214 2837 magis

112 2857 218 2937 miror,
241 2855 323 2937 qdod
343 2874 361 2919 a
381 2858 529 2938 sequente
551 2872 645 2919 scena
667 2871 779 2919 novum
800 2864 900 2921 actum
919 2857 1042 2940 incepit.
1066 2859 1215 2936 Quintum
1282 2932 1289 2941 ,

111 2966 284 3033 'truculenti
310 2971 410 3030 actum
433 2963 623 3045 deperditum
646 2982 716 3028 esse
739 2983 870 3044 censeo;
896 2969 978 3050 quod
998 2969 1213 3053 maximopere

111 3076 276 3143 dolendum
289 3082 346 3158 est,
359 3094 449 3159 quum
462 3095 480 3141 e
492 3075 653 3140 Ciceronis
670 3076 773 3141 verbis
789 3077 846 3156 (do
863 3084 980 3153 senect.
998 3097 1026 3142 e.
1042 3079 1108 3159 14.)
1131 3099 1213 3147 con.
1250 3126 1253 3131 .

112 3186 236 3255 cludere
257 3187 359 3267 liceat,
381 3206 400 3252 e
421 3185 690 3271 praestantissimis
709 3187 840 3268 aliquam
863 3206 929 3252 eam
949 3188 1045 3252 inisse
1066 3189 1190 3257 sabulis.

207 3296 376 3363 Abundare
394 3299 493 3360 autem
512 3293 726 3358 truculentum
745 3295 875 3376 lacunis,
894 3296 945 3361 nel
967 3316 1006 3360 ex
1027 3299 1095 3379 ipso
1118 3299 1209 3367 titulo

109 3409 242 3493 perspici
266 3413 377 3490 potest.
435 3408 621 3488 Quamquam
652 3404 786 3469 enimin
818 3423 912 3469 scena
934 3406 971 3487 ll,
998 3409 1015 3469 9
1037 3426 1100 3472 non
1122 3411 1209 3477 indi-

109 3538 203 3605 gnum
224 3518 284 3583 hoc
306 3518 490 3600 cognomino
512 3536 547 3581 so
567 3517 693 3598 praebet
714 3517 866 3599 Stratilax,
890 3523 991 3581 tamen
1012 3518 1137 3582 difficile
1159 3527 1209 3587 est
1275 3542 1282 3585 r

109 3629 149 3693 ad
172 3627 368 3706 credendum,
390 3627 427 3690 ab
448 3627 507 3690 bac
532 3643 593 3688 una
626 3642 719 3688 scena
740 3625 873 3690 tabulam
894 3638 1007 3690 nomen
1035 3628 1206 3696 invenisse.

109 3739 228 3804 Deinde
249 3737 351 3812 etiam,
373 3737 399 3800 si
418 3735 457 3798 ad
474 3739 683 3818 argumentum
697 3740 828 3816 spectas,
855 3734 976 3799 ostendi
997 3737 1112 3818 debuit,
1135 3740 1207 3820 qni-

110 3849 167 3914 bus
190 3846 348 3912 decausis
375 3851 513 3910 naturam
539 3862 647 3909 servus
669 3845 848 3925 mutaverit,
875 3846 956 3926 quod
978 3846 1090 3911 iactum
1111 3847 1160 3927 lli,
1185 3853 1206 3915 2
1284 3902 1293 3915 ,

109 3958 263 4023 miramur.
305 3957 411 4039 Porro,
432 3953 619 4036 quodmodo
641 3954 715 4036 dixi,
740 3955 873 4037 quintum
893 3975 941 4022 ine
962 3954 1083 4020 tabulae
1104 3962 1205 4024 actum

110 4068 299 4153 deperditum
319 4084 390 4133 esse
411 4064 607 4141 existimare,
633 4064 672 4130 iis
693 4063 842 4144 firmatur,
880 4084 958 4150 quac
980 4083 999 4129 a
1020 4062 1138 4129 Donato
1162 4069 1202 4132 ad

107 4153 236 4264 Adelph.
246 4178 282 4264 V,
296 4179 326 4266 9,
340 4177 380 4246 29
402 4162 682 4260 notata'leguntur:
706 4177 812 4261 ,Quod
833 4185 863 4246 te
886 4175 936 4241 isti
958 4174 1079 4263 facilem
1101 4182 1132 4244 et
1154 4175 1204 4245 le-
