2654 4860
505 284 777 383 -ao-D*

15 448 21 454 ’
65 463 210 548 eiusque
227 479 302 529 cunr
326 461 470 546 trapezita
502 467 532 526 et
563 479 632 525 cum
662 461 775 525 lenone
807 460 908 546 iurgia
943 462 1100 543 eontinet3
1131 462 1163 528 in

64 577 169 662 quinto
201 575 333 657 denique
365 572 558 654 catastrophe
581 579 644 652 est,
666 571 750 653 sive,
773 579 806 635 ut
824 572 937 636 Donati
958 573 1062 663 verbis
1083 579 1162 655 utar,

64 689 229 753 conversio
250 703 353 750 rerum
375 684 415 750 ad
436 684 585 747 iucundos
607 683 717 763 exitus,
738 683 890 764 patefacta
912 685 1030 754 cunctis
1053 685 1165 768 cogni-

64 798 150 862 tione
171 802 340 880 gestorum.
384 795 445 862 Sed
465 793 550 864 utad
571 793 671 892 locum
687 798 824 857 nostrum
846 794 981 874 redeam,
1007 812 1096 876 quum
1112 795 1165 859 uix

66 907 214 974 credibile
242 908 301 987 sit,
328 924 384 988 per
404 903 616 986 breviusculae
638 921 770 983 scenae,
798 920 876 985 quae
896 904 1005 986 viginti
1025 910 1166 986 quattuor

32 1014 37 1023 ’
65 1035 179 1085 uersus
202 1015 443 1098 complectatur,
475 1013 666 1078 intervallum
688 1011 830 1078 lenonem
861 1031 951 1077 sacra
974 1015 1079 1080 lacere
1103 1031 1164 1096 po-

65 1128 172 1209 tuisse,
196 1143 275 1208 quac
298 1126 433 1189 facturus
456 1124 507 1203 tv,
528 1125 558 1202 9,
581 1122 623 1185 46
653 1140 777 1187 scenam
800 1124 967 1204 relinquat,
990 1130 1052 1189 turn
1072 1125 1163 1206 plane

63 1237 197 1320 cogitari
216 1235 330 1316 nequit,
354 1233 507 1316 quomodo
529 1234 589 1312 fiat,
610 1238 643 1294 ut
663 1233 757 1316 Lyco,
783 1234 834 1314 qui
856 1233 905 1313 lV,
931 1236 960 1314 2,
978 1233 1019 1298 40
1041 1234 1163 1298 domurn

62 1347 161 1424 abiit,
182 1345 241 1408 iam
262 1350 336 1426 post
353 1360 410 1408 sex
432 1360 541 1413 versus
570 1362 587 1406 a
609 1343 791 1424 Cappadoce
813 1344 1037 1425 ,pronunciatos
1060 1346 1161 1410 denuo

63 1474 190 1521 scenam
211 1454 418 1538 ingrediatur,
451 1461 481 1518 et
518 1471 585 1546 curn
612 1454 706 1517 milite
740 1454 935 1520 vehementer
962 1457 1041 1530 irato
1066 1457 1161 1522 verba

64 1565 178 1645 laciat3
199 1583 290 1647 quum
313 1571 344 1629 et
368 1563 523 1645 quomodo
543 1569 572 1627 et
596 1563 717 1645 quando
749 1564 776 1626 is
796 1566 928 1647 Lyconis
951 1566 1044 1641 aedes
1066 1567 1161 1630 intra.

60 1677 154 1756 uerit,
178 1675 358 1756 explicatum
378 1691 442 1738 non
465 1673 586 1737 habeat.
631 1674 847 1739 Necessarium
866 1674 960 1758 igitur
981 1675 1111 1755 videtur,
1133 1693 1156 1738 u

59 1793 133 1871 post
155 1786 269 1850 abitum
289 1784 428 1864 lenonis,
450 1783 500 1864 lV,
521 1785 550 1863 9,
565 1783 616 1863 46,
643 1801 736 1864 pausa
759 1784 973 1867 constituatur,
992 1803 1047 1866 per
1072 1802 1162 1866 quarn

62 1895 216 1985 sacrificet
236 1894 298 1974 ille,
320 1894 435 1978 Lyconi
458 1898 558 1957 autern
578 1898 721 1956 occurrat
743 1891 840 1971 miles,
865 1911 932 1956 cnm
956 1911 1015 1974 quo
1036 1893 1160 1975 litigans

60 2006 191 2088 prodeat
212 2006 263 2085 tv,
275 2004 305 2068 3.
351 2004 480 2067 Ceterae
503 2008 623 2066 actuum
646 2008 676 2065 et
697 2019 857 2091 scenarum
879 2003 1047 2068 divisiones
1070 2020 1161 2085 quum

60 2121 149 2181 recte
170 2133 205 2179 se
226 2114 379 2192 habeant,
414 2114 480 2177 eius
502 2129 653 2194 personae
674 2111 778 2174 brevis
801 2112 914 2176 mentio
936 2113 1010 2193 hat,
1034 2113 1120 2177 ouius
1143 2134 1161 2178 a

62 2224 231 2308 monologo
265 2228 391 2305 quartus
424 2221 517 2305 uulgo
552 2220 695 2302 incipitur
725 2226 829 2284 actus:
871 2222 1037 2306 choragum
1072 2223 1160 2304 dico;

65 2333 153 2397 cuius
174 2333 206 2395 in
227 2332 295 2397 aliis
316 2331 426 2400 lahulis
447 2336 550 2412 partes
583 2330 679 2394 luisse
701 2349 789 2411 quum
810 2331 923 2394 nullum
946 2337 1046 2396 exstet
1066 2335 1164 2398 vesti-

62 2442 159 2526 gium,
181 2441 273 2506 facile
294 2441 430 2523 suspicio
445 2445 595 2533 movetur,
614 2439 756 2520 explendi
769 2445 883 2502 tantum
906 2441 1051 2522 temporis
1073 2442 1162 2523 spatii
1238 2459 1241 2464 ·

62 2570 159 2617 causa
182 2568 250 2615 eum
273 2570 290 2615 a
313 2557 402 2632 poeta
427 2550 601 2632 loquentem
620 2550 732 2613 factum
754 2567 842 2630 esse,
868 2551 950 2631 quod
973 2551 1163 2617 intercesse-

61 2662 105 2727 rit
125 2679 255 2728 necesse
275 2662 436 2726 luit'inter
458 2660 570 2726 abitum
590 2667 620 2724 et
638 2659 769 2725 reditum
794 2659 986 2725 Curculionis
1009 2667 1039 2723 et
1070 2661 1163 2724 leno-

62 2772 124 2853 nis,
147 2772 278 2855 puellam
302 2771 533 2849 arcessentium.
588 2770 677 2847 Quod
699 2790 804 2834 verum
837 2787 925 2850 esse,
951 2770 1044 2851 ipsius
1066 2772 1161 2838 verba

63 2883 116 2963 tv,
132 2883 191 2963 r‚5
210 2881 285 2963 ,scd
304 2871 374 2944 dom
390 2881 440 2944 hic
463 2877 615 2961 epredllcr
633 2880 744 2961 foros,
768 2879 1015 2943 commonstrato
1037 2899 1064 2944 e.
1078 2891 1162 2964 q.s.“

63 2996 97 3056 ct
119 2990 213 3071 illud,
238 2991 320 3071 quod
343 2991 419 3054 nihil
441 2991 479 3054 ad
504 2989 625 3054 rabulae
657 2986 867 3074 argumentum
889 2990 955 3055 eius
972 2991 1163 3058 oratiuncula
1273 3021 1277 3030 ·

62 3101 216 3184 pertinet,
236 3101 321 3176 ⁴satis
341 3101 559 3164 demonstrant.
610 3101 697 3162 llunc
720 3100 909 3181 potissimum
930 3100 1032 3166 locum
1052 3120 1164 3186 respe-

48 3196 150 3274 vxisse
169 3209 291 3275 videtur
316 3208 462 3290 Wolfp'ac,
491 3209 543 3290 qui
559 3209 633 3272 diss.
647 3208 681 3270 ll.
697 3227 728 3290 p.
742 3210 793 3272 91.
813 3210 886 3274 adn.
908 3227 970 3273 non
991 3228 1062 3278 raro
1085 3232 1161 3279 eve-

63 3320 150 3399 nisse
172 3325 268 3397 notat,
291 3321 388 3402 (quod
411 3321 507 3402 ipsum
528 3319 656 3401 primum
684 3320 801 3412 uidisse
823 3321 989 3404 gloriatur)
1011 3328 1061 3403 ,ut
1082 3324 1163 3389 inter

63 3429 205 3493 tibiarum
230 3435 361 3508 cantum,
385 3430 435 3509 qui
448 3430 527 3494 inter
547 3435 646 3493 actum
669 3435 699 3494 et
714 3435 814 3493 actum
833 3417 1073 3513 interimeretur,
1092 3453 1165 3500 ser-

63 3556 172 3603 mones
194 3545 246 3603 aut
262 3539 380 3602 cantica
395 3539 614 3619 interposuerit
633 3539 763 3618 Plautus,
788 3557 865 3622 quae
888 3541 1076 3610 Graecorum
1098 3569 1163 3609 na-

63 3643 231 3732 ραβάσεως
255 3647 391 3712 comicae
414 3665 618 3730 nonprorsus
634 3648 793 3716 dissimilia
807 3651 947 3714 luerint.“
992 3652 1109 3726 Quodsi
1130 3655 1162 3722 iu

65 3775 104 3822 eo
126 3757 207 3822 hanc
226 3757 453 3824 similitudinem
476 3760 605 3842 positam
622 3778 691 3825 esse
714 3768 829 3840 censet,
853 3761 934 3842 quod
958 3762 997 3826 ad
1019 3763 1161 3844 populum

64 3866 238 3948 loquentem
269 3868 378 3930 lecerit
405 3876 496 3950 poeta
526 3887 709 3952 personam,
741 3871 896 3948 conced03
920 3871 959 3936 dc
979 3872 1039 3935 alia
1061 3877 1162 3937 aulem

64 3976 263 4042 similitudine
286 3976 417 4058 cogitari
434 3996 497 4040 non
512 3985 622 4060 potest,
646 3998 735 4062 quum
757 3980 850 4045 rebus
873 3980 1001 4062 puhlicis
1023 3985 1161 4047 tractan-

67 4086 114 4152 dis
136 4086 186 4151 uel
206 4088 285 4152 adeo
310 4091 596 4172 commemorandis,
621 4109 680 4173 quo
695 4091 918 4176 Aristophanes
935 4088 1033 4155 soleat
1053 4091 1158 4173 modo,

16 4227 19 4232 ,
67 4196 191 4263 omnino
213 4198 392 4267 abstinuerit
414 4201 575 4268 comoedia
598 4202 744 4269 Romana.
774 4238 814 4255 -
845 4199 945 4269 Nolim
965 4199 1064 4267 videri
1087 4200 1161 4266 lon-
