2654 4860
560 345 754 429 ²44·

109 544 183 610 tium
204 543 237 607 in
257 543 295 609 iis
311 539 360 607 vei
380 540 567 623 loquentium
600 528 800 624 personarum
830 541 953 606 nomina
975 537 1055 616 jtitri
1076 537 1214 619 hahent;

95 659 183 738 'quas
206 672 317 720 scenas
340 654 373 716 in
395 672 473 732 eam,
497 670 574 734 quae
596 671 678 716 nunc
699 654 729 715 in
750 671 807 717 usu
829 658 868 732 et,
892 651 992 716 multis
1006 650 1084 715 locis
1105 650 1215 715 falsis-

106 765 213 829 simam
244 770 365 827 actuum
388 762 517 826 iormam
541 762 752 844 composuisse
789 763 817 826 J.
842 763 875 825 B.
895 761 976 824 Pium
1008 767 1038 823 et
1070 760 1213 824 luntinae

106 874 256 937 editorem
277 879 405 937 testatur
426 871 607 935 Bitschets‘uo
630 871 648 934 l.
672 872 692 934 l.
714 854 829 953 psshDi.
873 871 912 934 Et
935 887 1024 951 quum
1045 869 1129 933 omni
1150 870 1213 934 hn-

62 1048 71 1061 Ι
106 984 180 1046 mini
202 983 341 1065 cogitare
373 982 503 1061 scienti,
525 982 576 1045 ubi
605 982 745 1063 perversi
766 1001 803 1045 ac
825 981 928 1045 vitiosi
950 979 1114 1062 quidquam
1137 981 1212 1044 eni-

104 1093 314 1172 madverterit,
338 1091 516 1176 corrigendi
551 1092 616 1155 eius
649 1092 751 1156 innata
771 1092 826 1173 >sit
849 1090 981 1172 cupido;
1013 1108 1071 1154 nos
1093 1091 1211 1172 optimo

105 1203 217 1266 utimur
238 1204 316 1281 iure,
342 1201 427 1281 ittuu,
452 1201 533 1282 quod
555 1201 925 1285 falsumcognitumsit,
947 1221 965 1264 e
987 1205 1077 1282 poeta
1100 1206 1211 1264 nostro

106 1311 230 1375 auferre
250 1309 423 1390 studentes,
448 1308 628 1392 praesertim
660 1328 750 1391 quum
773 1328 812 1372 ne
838 1310 977 1373 codicum
1000 1307 1122 1390 quidem
1146 1327 1206 1372 au·

106 1419 246 1485 ctoritate
266 1420 379 1484 nitatur
403 1417 625 1500 innantium,
656 1418 712 1484 sed
739 1416 890 1500 ‘peruersi
912 1417 1026 1501 alioqui
1049 1417 1208 1482 hominem

104 1527 220 1592 iudicii’
240 1535 398 1594 auctorem
417 1523 553 1593 habeat

159 1730 162 1735 .
205 1656 267 1721 Sed
284 1656 459 1738 priusquam
480 1656 519 1718 ad
545 1655 721 1736 ipsumhoc
752 1655 939 1739 propositum
965 1654 1096 1737 aggredi
1116 1660 1210 1736 pote-

104 1766 212 1850 rimus
235 1765 462 1830 consideranda
483 1771 574 1843 sunt,
607 1782 685 1845 quae
707 1769 829 1828 veteres
860 1771 1023 1846 praecepta
1045 1764 1095 1828 vel
1119 1781 1207 1841 com-

105 1883 210 1941 menta
231 1876 430 1957 reliquerunt.
472 1877 574 1956 Atque
596 1891 633 1937 ea
658 1873 796 1954 quidem,
820 1891 908 1955 quae,
933 1892 1112 1955 quamquam
1133 1892 1206 1954 per-

106 2003 216 2065 pauca,
238 1985 375 2049 secunda
407 1987 528 2050 fortuna
549 1984 639 2047 nobis
661 1983 814 2062 servavit,
850 2001 867 2045 e
890 1983 1063 2065 posteriore
1086 1982 1207 2074 demum

107 2100 207 2159 aetate
227 2095 381 2178 originem
411 2070 585 2170 'duxerunt3
622 2099 764 2156 auctores
801 2093 881 2155 enim
903 2093 942 2155 iis
968 2099 1038 2156 sunt
1057 2093 1206 2172 Donatus,

106 2201 272 2265 Diomedes
292 2208 323 2263 et
342 2198 535 2280 Euanthius,
558 2203 609 2281 qui
630 2200 799 2264 secundum
821 2201 999 2293 Hieronymi
1034 2201 1207 2264 chronicon

104 2311 275 2376 floruerunt
297 2311 420 2373 circiter
440 2309 556 2392 Olynnp.
573 2301 766 2377 CCLXXXV.
810 2311 915 2393 Neque
930 2318 1037 2376 tamen
1062 2311 1209 2375 dubitan-

108 2421 261 2500 domest,
288 2420 360 2500 quin
383 2420 442 2483 iam
465 2426 536 2485 ante
548 2420 679 2504 Augusti
701 2426 839 2500 tempora
859 2419 918 2482 viri
940 2419 1024 2483 docti
1047 2420 1209 2484 hancma-

107 2530 216 2593 teriam
247 2528 437 2593 tractandam
469 2530 527 2593 sibi
557 2519 761 2612 sumpserint;
791 2529 873 2592 inter
903 2543 980 2610 quos
1012 2530 1149 2593 Donatus
1178 2530 1211 2591 in

107 2655 175 2722 arg.
199 2638 273 2703 Hec.
299 2635 470 2712 Varronem
500 2639 638 2702 nominat
661 2641 716 2720 *);
744 2639 774 2701 in
807 2645 988 2722 argumento
1020 2644 1119 2702 autern
1141 2640 1214 2731 An-¹

109 2745 195 2811 driae
217 2748 299 2811 etin
319 2745 511 2828 praefatione
533 2744 571 2810 ad
587 2746 746 2828 Adelphos
761 2741 903 2830 'loquitur
925 2750 965 2812 de
988 2747 1155 2831 „antiquis‘
1180 2755 1212 2812 et

110 2856 231 2938 „doctis
249 2856 434 2935 veteribus‚“
455 2856 508 2938 qui
526 2855 558 2918 in
574 2855 691 2920 actibus
714 2856 887 2922 dividendis
908 2857 1034 2948 eiusque
1050 2857 1213 2923 divisionis

108 2965 231 3050 legibus
249 2966 420 3032 statuendis
441 2963 680 3040 elaborauerint.
724 2966 786 3032 Sed
810 2967 947 3031 contenti
970 2969 1065 3034 simus
1085 2974 1211 3050 oportet

104 3147 357 3163 m

160 3258 190 3331 i)
209 3257 300 3312 umus
329 3258 356 3310 in
384 3257 451 3310 libro
467 3258 580 3327 quodam
599 3259 790 3327 manuscripto,
817 3257 939 3326 Origsnis
966 3226 1155 3324 praefationem
1175 3275 1197 3310 sn

206 3355 319 3408 Genesin
339 3356 500 3421 continente,
518 3370 595 3425 quem
609 3355 767 3407 bibliotheca
780 3353 960 3408 attrebatensis
979 3362 1107 3421 asservat,
1126 3329 1197 3408 indes

193 3454 362 3520 scriptorum
382 3451 610 3517 Varronianorum,
630 3450 662 3502 ad
682 3451 879 3519 comparandam
898 3451 1020 3522 Origenis
1038 3459 1064 3504 et
1083 3452 1197 3505 Varronis

205 3551 410 3626 moiuypusptar
429 3549 477 3619 (sit
489 3548 566 3601 venia
578 3546 672 3618 uerbo)
690 3547 723 3600 ab
739 3549 898 3616 hieronymo
913 3551 1083 3617 compositus,
1102 3548 1135 3600 dc
1154 3564 1194 3616 qu

206 3644 281 3714 plura
300 3645 423 3698 disseruit
441 3645 597 3698 Ditsehetiur
622 3645 649 3696 in
668 3649 886 3700 commentatione
914 3646 972 3712 „die
988 3643 1173 3702 Sctrtturattc

207 3741 254 3795 des
272 3741 305 3795 hi.
325 3741 460 3795 Terentius
481 3741 577 3794 tatros
595 3741 720 3807 inscripta
738 3741 816 3811 (Nou.
834 3740 901 3792 ntus.
916 3732 1000 3797 anon.
1020 3740 1116 3810 philol(
1127 3730 1147 3792 t.

206 3854 232 3906 p.
241 3839 292 3892 t81
302 3842 382 3909 sqq).
404 3839 643 3892 Commemorantur
668 3838 696 3888 in
713 3835 760 3888 itio
778 3836 876 3903 indice,
892 3845 921 3890 ut
941 3837 993 3890 alia
1012 3839 1137 3903 omittam,

90 3995 98 4001 ⁴
206 3937 271 3989 actis
298 3935 412 4006 (emend.
436 3937 549 4008 actibus)
568 3934 696 3989 scenicis“
715 3933 775 3986 libri
794 3939 866 4000 tres,
895 3935 921 3987 ia
938 3934 1032 4005 quibus
1049 3948 1102 3986 non
1121 3933 1158 3987 sot

102 4075 105 4081 .
206 4040 311 4086 actuum
336 4013 486 4087 divisionis*
504 4033 579 4103 leges
597 4031 740 4099 expositas,
765 4031 812 4084 sad
831 4032 858 4082 in
875 4031 993 4100 piurimis
1014 4032 1090 4084 etiam
1109 4030 1159 4083 fabr

106 4158 109 4167 =
206 4144 263 4183 sam
275 4130 431 4184 divisionem
450 4145 543 4185 revera
561 4129 656 4183 sacam
675 4125 758 4179 fuisse
780 4127 926 4195 suspicatur
944 4127 1063 4202 idernssvir
1082 4128 1156 4182 catab

183 4209 285 4283 'ramus
303 4226 366 4283 tnta.
384 4243 410 4299 p.
423 4227 484 4284 sao.
497 4226 558 4285 aso.
