2654 4860
645 299 651 315 θ

566 292 783 358 ...ffi-

563 377 596 391 li

114 475 411 559 .3‚entsabeidcnden
423 473 566 546 ‘Grinde
578 477 684 562 liegen
705 477 737 538 in
769 471 1170 552 densaclrverbdluiiosnr,
1186 472 1224 537 'in

125 589 217 669 ‚3dam
235 587 465 652 uonsolranen
489 585 545 649 der
563 586 736 668 Handlung‚
760 587 791 648 in
813 584 1037 649 danasetzen
1058 582 1226 649 deiurio„

125 697 273 780 „bildung
290 714 350 760 ¹nur
371 674 560 777 oewi'rnung·
578 695 635 762 dor
656 694 790 774 lllusion‚
813 694 843 757 d.
864 687 947 757 bin
967 693 1024 756 der
1045 693 1222 774 llruigun'g

126 807 268 889 „dassen
289 822 355 868 was
377 805 427 867 die
449 803 672 886 Bedingungen
706 803 761 874 des
782 800 964 866 wirklicben
979 886 981 890 ι
994 803 1125 882 lebeus,
1147 800 1225 865 oden

126 917 224 996 „auch
255 916 311 979 der
341 912 620 996 psycbologischan
651 912 836 996 Motivirung
870 911 1070 994 notbwendig
1097 909 1226 975 maoban
1286 940 1289 948 ‚

125 1024 469 1108 „odoransscblicsson
482 1025 669 1106 wanigstens
681 1022 726 1087 als
737 1022 957 1106 bbarwiegend
969 1015 1226 1087 wabrscbeinliob
1246 1092 1252 1103 ,

119 1135 224 1215 „oder
242 1120 541 1198 unwabrscbeinlicb
562 1131 719 1197 erkennan
737 1133 850 1196 lassen.
893 1133 934 1196 Es
956 1132 1025 1196 sind
1039 1133 1136 1205 meist
1153 1130 1227 1196 sobr

124 1243 286 1326 „eiulacbe
307 1243 582 1326 lleberlegungen‚
607 1242 657 1305 dia
679 1237 748 1306 aum
772 1243 857 1306 Ziele
883 1242 1013 1321 lubren3
1035 1260 1092 1305 nur
1115 1241 1226 1305 dunlen

126 1355 192 1434 „sie
209 1353 328 1417 ¹keinen
351 1353 433 1416 noch
453 1370 489 1416 so
513 1354 666 1436 geringen
689 1352 855 1433 Umstand,
884 1351 975 1428 lisine
996 1351 1078 1415 nocb
1099 1368 1134 1417 so
1155 1350 1224 1414 bei.

125 1462 256 1548 „laubge
269 1463 459 1546 Audentung
484 1460 541 1525 des
562 1463 690 1527 Stdckes
715 1461 810 1527 selbst
831 1463 1006 1527 uberseben
1029 1461 1107 1525 oder
1127 1461 1226 1525 oben.-

125 1573 197 1656 „bin
215 1573 398 1652 habandein,
422 1573 484 1636 und
507 1577 632 1637 missen
654 1572 722 1636 sich
742 1573 817 1656 jede
835 1574 989 1657 ›Situation
1011 1574 1065 1636 abs
1088 1571 1149 1650 den
1168 1589 1227 1654 go-

125 1683 340 1765 „sprocbencn
356 1683 484 1747 Worten
502 1682 565 1746 und
585 1681 748 1747 derNatur
770 1682 826 1746 der
845 1681 946 1747 Sacbo
965 1683 1012 1746 bis
1034 1680 1227 1745 insbleinste

124 1791 245 1876 „Detail
264 1792 594 1858 veranschauliaben“
890 1798 894 1807 '

226 1901 350 1966 llisuin
342 1901 523 1966 'clarissimi
545 1903 649 1966 vorbis
670 1920 760 1983 quum
783 1903 961 1967 dubitationi
979 1857 1077 1965 nullus
1099 1903 1224 1987 omnino

116 2012 313 2093 relinquatur
334 2012 434 2093 locus,
456 2030 553 2093 pauca
577 2017 691 2075 tantum
713 2011 824 2091 habeo,
848 2029 926 2093 quae
949 2013 986 2074 iis
1008 2010 1150 2075 addenda
1172 2007 1222 2075 ui·-

125 2121 272 2201 deantur,
304 2139 343 2185 eo
377 2121 499 2202 quidem
530 2121 678 2201 consilio,
700 2128 733 2185 ut
753 2123 909 2186 Romanae
932 2122 1112 2186 comoediae
1135 2122 1241 2206 origo*

117 2237 156 2294 vet
176 2237 334 2312 poetarum
358 2233 433 2294 artis
455 2248 572 2313 genus,
587 2220 619 2293 'et
643 2237 675 2293 ut
699 2232 739 2294 ita
764 2232 862 2295 dicam
876 2230 1155 2313 componendarum
1175 2233 1225 2296 ta-

125 2339 265 2405 bularum
286 2339 396 2404 modus
409 2359 498 2422 quarn
517 2342 578 2414 vim
598 2340 730 2405 habeant
751 2343 781 2403 in
803 2329 922 2405 actuum
935 2341 1116 2404 divisionem
1138 2347 1224 2405 recte

115 2451 299 2515 'faciendam
321 2452 456 2515 breviter
474 2458 652 2531 exponatur.
702 2453 737 2514 ln
765 2452 940 2522 universum
964 2452 1091 2531 primum
1115 2450 1225 2514 dicen-

123 2559 286 2640 domest,
311 2566 344 2622 ut
365 2561 465 2623 omnia
487 2560 570 2640 fere,
601 2561 761 2641 inquibus
784 2559 1030 2639 elaboraverint,
1060 2561 1168 2625 artium
1182 2565 1223 2624 ‚et

114 2667 352 2750 ‘disciplinarum'
375 2656 492 2753 genera
515 2690 533 2734 a
556 2669 683 2735 Graecis
706 2667 899 2751 acceperint,
922 2672 962 2733 ita
984 2671 1073 2732 etiam
1094 2687 1224 2732 comoe-

116 2777 207 2842 diam
241 2779 380 2842 omnibus
411 2780 595 2860 apartibus
627 2781 794 2862 perlectam
826 2781 978 2861 certisque
1009 2781 1087 2870 artis
1102 2779 1222 2862 legibus

124 2893 217 2970 atque
237 2891 355 2954 normis
377 2890 565 2954 moderatam
583 2891 737 2979 Romanos
757 2893 924 2972 accepisse.
947 2890 1022 2954 Nam
1047 2907 1137 2971 quum
1159 2906 1222 2955 non

112 2998 167 3094 2⁸¹³
186 2995 321 3078 dublum,
346 2999 416 3079 quin
438 2999 589 3079 principio
609 2997 693 3063 latini
722 3004 832 3080 poetae
860 2997 900 3061 ad
929 2999 1055 3063 verbum
1077 2998 1144 3063 fere
1166 2995 1229 3062 en-'

122 3108 290 3186 presserint
315 3106 500 3188 exemplaria
529 3108 668 3186 Graeca,
691 3109 788 3188 (quod
817 3126 835 3170 a
856 3125 892 3172 se
913 3095 1026 3172 lactirm
1048 3109 1221 3172 Terentium

121 3207 184 3280 non
206 3215 312 3298 puduit
334 3217 423 3281 lateri
444 3216 521 3297 prol.
544 3216 675 3298 Adelph.
688 3219 754 3297 11.)
775 3235 836 3282 una
859 3235 927 3280 cum
950 3206 1139 3300 argumentis
1159 3235 1220 3303 cx-

112 3331 244 3390 traneas
265 3343 385 3407 quoque
416 3328 557 3406 formas,
580 3327 786 3408 imprimisque
820 3333 942 3391 actuum
970 3327 1151 3390 divisionem
1178 3325 1236 3391 ad'

119 3434 275 3516 Romanos
296 3433 444 3498 translata
481 3452 552 3498 esse
573 3435 838 3499 verosimillimum
867 3435 1006 3499 videtur
997 3481 1006 3513 ,
1038 3451 1217 3543 quamquam

119 3524 241 3607 acuum
261 3542 340 3624 apud
359 3560 426 3622 eos,
451 3544 500 3624 qui
520 3543 563 3606 de
582 3544 743 3608 comoedia
763 3544 882 3609 Graeca
896 3535 1079 3624 retulerunt,
1091 3517 1215 3609 mentio

118 3669 267 3736 nusquam
290 3653 342 3734 litt,
365 3655 423 3719 sed
440 3654 521 3718 ubi
513 3671 544 3715 m
566 3653 631 3718 eius
652 3659 754 3735 partes
769 3671 871 3719 sermo
893 3654 1020 3733 incidit,
1043 3653 1216 3719 nominibus
1292 3663 1298 3668 ’

119 3764 341 3846 stragoediae
363 3766 498 3846 partibus
520 3744 645 3844 sumptis
667 3768 800 3839 utuntur.
815 3763 1003 3846 Argumenta
1016 3763 1128 3827 deinde
1149 3747 1217 3843 pal-

100 3873 209 3939 -liatae
231 3873 365 3955 fabulae,
385 3893 473 3957 quam
497 3876 606 3940 cicero
627 3861 825 3958 imitationem
845 3873 935 3953 vitae,
951 3871 1115 3960 speculum
1135 3889 1214 3935 con-
1312 3943 1313 3947 Ἰ

118 3985 311 4066 suetudinis,
333 3985 495 4067 imaginem
515 3984 652 4050 veritatis
674 3983 825 4065 appellat,
842 3985 879 4054 in
900 3982 1088 4048 domesticae
1109 3983 1214 4064 priva-

110 4096 229 4173 taeque
242 4096 332 4158 altae
352 4094 488 4158 moribus
510 4092 721 4163 describendis
736 4094 855 4157 versari
878 4098 1014 4170 constal3
1037 4092 1116 4159 inter
1135 4107 1213 4174 quae

110 4218 463 4289 unamquammagnum
482 4219 547 4268 aon
569 4205 665 4285 potuit
689 4203 884 4269 intercedere
896 4201 1088 4285 discrimen,
1101 4207 1212 4270 *tamea
1267 4235 1274 4255 ι
