2654 4860
105 431 233 502 levioris
253 436 399 501 momenti
420 441 506 517 sunt,
528 434 602 501 licet
621 436 762 502 omittere
787 450 881 533 quum,
890 434 1074 518 saepissime
1088 434 1133 503 ad
1145 456 1223 524 gra.

108 546 197 610 viora
209 546 259 626 illp
272 547 352 612 inter
364 565 398 612 se
409 547 624 630 coniungenda
637 554 668 610 et
683 546 721 611 ad
734 547 934 612 obtinendum
951 547 1084 612 actionis
1099 566 1222 615 nexum

106 656 217 721 abesse
234 663 405 738 nequeant:
427 656 519 721 immo
535 656 602 720 ficri
618 656 742 736 debent,
755 656 811 722 sed
823 662 908 720 extra
927 673 1065 736 scenam,
1091 675 1136 723 ue
1151 659 1221 723 otio

105 765 427 849 taedioque'tabescat
448 772 612 848 spectator.
638 766 870 847 simplicissima
883 765 979 851 igitur
999 765 1140 831 omniurn
1167 759 1232 833 ar-'

113 877 250 968 gementi
269 878 399 958 partium
421 876 501 940 bene
521 881 668 957 recteque
690 876 950 957 disponendarum
970 875 1048 941 ratio
1070 895 1111 941 ea
1134 895 1224 959 poe-

106 987 146 1049 tis
169 993 296 1067 accepta
318 991 375 1071 est,
394 991 428 1049 ut
448 992 501 1051 aut
519 986 619 1050 minus
634 984 779 1070 graviora
802 985 854 1070 illa
869 991 1013 1067 tanquam
1027 991 1117 1050 extra
1138 1005 1223 1051 sce-

106 1114 177 1159 nam
200 1101 269 1160 acta
289 1096 455 1177 spectatori
475 1102 674 1161 narrarentur
690 1096 730 1175 ⁶),
750 1101 804 1159 aut
819 1095 861 1159 ita
882 1094 963 1160 actio
988 1095 1222 1177 institueretur,

109 1211 141 1268 ut
167 1225 205 1269 ex
226 1206 275 1285 iis,
299 1222 377 1287 quae
393 1198 496 1270 coram
513 1223 548 1269 se
570 1207 689 1284 fierent,
710 1205 762 1269 itta
778 1205 859 1268 sacta
884 1221 954 1269 esse
975 1204 1106 1286 quisque
1129 1208 1219 1268 coir-

109 1313 235 1377 cludere
257 1314 392 1378 deberet.
448 1313 523 1376 Illud
547 1319 647 1377 autem
670 1312 794 1375 minime
826 1312 1044 1400 negligendum
1076 1319 1220 1395 putave-

107 1429 179 1488 runt
202 1429 333 1503 poetae,
361 1423 496 1503 nequid
526 1422 626 1507 fraudi
648 1421 689 1486 sit
709 1422 768 1502 iis,
797 1440 876 1504 quae
898 1421 1133 1487 verisimilitudo
1159 1443 1222 1489 re-

106 1549 234 1612 rumque
255 1537 362 1596 natura
384 1530 646 1612 praescriberent3
668 1548 728 1613 quo
753 1532 865 1595 sactum
890 1537 948 1610 est,
969 1537 1001 1594 ut
1022 1533 1103 1595 inter
1125 1537 1221 1597 actus

109 1659 223 1722 pausae
244 1642 517 1720 constituerentur,
546 1641 578 1704 in
601 1640 711 1722 quibus
739 1640 858 1705 leviora
878 1640 946 1704 tieri
967 1641 1017 1705 vel
1039 1641 1122 1706 sacta
1142 1659 1219 1708 esse

109 1756 264 1832 spectator
286 1750 345 1815 sibi
367 1750 576 1833 persuaderet.
1070 1764 1072 1769 ’
1248 1741 1251 1745 ’

136 1886 139 1900 '
207 1878 261 1942 His
286 1877 465 1959 disputatis,
498 1874 613 1941 redeo'
627 1875 667 1940 ad
688 1875 831 1940 Euantbii
860 1876 982 1957 locum,
1005 1883 1094 1959 quc'm
1116 1879 1217 1944 modo

110 1988 269 2069 exscripsi.
321 1988 360 2050 Et
392 1988 419 2051 is
455 1986 577 2068 quidem
605 1984 781 2068 postquam
805 1986 844 2050 de
873 1987 997 2071 origiue
1025 1988 1214 2054 comoediae

106 2096 596 2180 pauca'disseruit,«oausamnos
618 2094 741 2175 edocet,
762 2096 861 2160 curin
881 2113 993 2159 novam
1013 2099 1214 2163 comoediam

108 2207 221 2270 cborus
246 2223 309 2269 non
333 2205 372 2268 sit
401 2204 555 2283 inductus,
577 2216 655 2286 (quo
677 2213 814 2270 veterem
847 2206 1040 2271 comoediam
1061 2206 1102 2271 ad
1125 2207 1214 2272 divi-

108 2316 228 2380 dendos
250 2314 420 2379 tabularum
453 2319 539 2378 actus
562 2330 647 2378 usam
680 2314 778 2378 fuisse
798 2315 936 2407 Donatus
958 2321 1086 2380 testatur
1107 2321 1213 2398 praet.

51 2488 54 2492 .
109 2425 268 2507 Adelpb.J.
318 2425 373 2489 Cui
404 2421 579 2507 testimonio
612 2441 684 2488 num
705 2425 745 2488 sit
765 2423 842 2489 fides
864 2424 1028 2505 habenda,
1052 2425 1112 2490 hac
1133 2428 1216 2494 nihil

107 2524 224 2614 retert3
245 2535 372 2598 maioris
393 2535 539 2598 momenti
560 2541 640 2616 sunt,
663 2534 796 2618 quaein
818 2534 967 2618 proximis
991 2535 1082 2599 tradit
1104 2527 1218 2621 gram4

108 2647 249 2726 maticus,
272 2643 370 2726 primo
384 2644 507 2725 quidem
521 2650 630 2725 poetas
645 2646 757 2710 choros
771 2643 1027 2727 praetermisisse,
1050 2645 1151 2709 tecam
1167 2648 1218 2710 ets

110 2756 323 2836 relinquentes.
369 2755 458 2830 Quod
481 2753 512 2816 in
537 2771 604 2817 eurn
632 2769 756 2817 sensum
781 2755 993 2835 accipiendum
1022 2754 1095 2817 mibi
1118 2757 1216 2820 vide-

38 2903 42 2913 ·
108 2870 169 2938 tur,
189 2870 222 2926 ut
245 2865 276 2926 in
300 2865 473 2928 actionibus
494 2863 630 2928 scenicis
652 2863 740 2928 chori
760 2864 860 2928 locum
881 2882 977 2946 pausa
994 2866 1211 2947 occupaverit,

109 2990 199 3054 quae,
219 2972 245 3035 si
268 2970 400 3035 voluerit
420 2972 559 3057 populus,
584 2972 688 3035 choris
710 2971 827 3054 expleri
848 2975 980 3055 potuerit
986 2995 996 3053 ;
1029 2953 1081 3036 sin⁸
1100 2959 1214 3038 uetue-
1236 2997 1239 3000 ·

107 3084 157 3162 rit,
178 3082 365 3146 recreationi
387 3087 535 3162 actorum,
555 3082 659 3147 cantui
680 3081 838 3148 tibicinum
852 3083 902 3147 uel
916 3083 1110 3150 sermonibus
1132 3100 1209 3164 spe-

114 3198 263 3289 ctatorum
288 3192 382 3254 suerit
404 3193 556 3255 destinata
571 3194 629 3269 (ct.
652 3193 714 3254 loci
735 3192 772 3256 ab
783 3191 958 3254 Hermanno
982 3210 1086 3274 opusc.
1110 3194 1132 3256 1.
1147 3193 1208 3256 291

53 3309 57 3314 ’
107 3300 266 3380 laudati).‘
296 3300 356 3364 Sed
379 3301 411 3362 in
432 3301 519 3364 libris
540 3317 662 3382 quoque
683 3302 809 3382 scriptis
829 3301 927 3363 choro
949 3300 1049 3365 locum
1070 3302 1210 3368 relictum

110 3411 207 3474 fuisse
226 3411 351 3473 minime
377 3410 452 3473 inde
474 3408 616 3473 concludi
641 3415 762 3492 potest;
792 3413 859 3491 quis
883 3412 964 3475 enirn
986 3418 1079 3493 putet,
1102 3417 1210 3494 poetas

111 3520 297 3585 carminibus
320 3519 473 3583 iaciendis
497 3539 621 3602 operam
643 3519 789 3600 dedisse,
812 3539 891 3603 quae
910 3539 974 3585 non
995 3522 1074 3601 fore,
1097 3529 1130 3584 ut
1152 3541 1210 3585 ca-

110 3635 268 3709 nerentur,
281 3645 371 3710 quam
388 3629 638 3693 verisimillimum
658 3637 758 3708 esset;
779 3631 961 3710 praesertim
973 3648 1063 3711 quum
1085 3652 1103 3695 e
1125 3636 1208 3694 tanta

87 3888 95 3895 ⁸
162 3905 192 3973 6)
211 3905 252 3958 Gt.
267 3905 356 3958 Horat.
385 3919 427 3972 ep.
449 3905 481 3958 ad
500 3905 552 3960 Pis.
565 3904 624 3959 179.
662 3905 768 3959 Graecis
789 3919 894 3976 quoque
913 3909 999 3977 poetis
1017 3901 1125 3976 tragicis
1143 3907 1211 3962 banc

210 4003 337 4055 rationem
362 4000 495 4070 placuisse
512 4002 573 4056 inde
591 4011 715 4079 apparet,
743 4004 813 4072 quod
831 4004 966 4078 dyptica
990 4003 1034 4056 rel
1054 4005 1199 4080 ἐξαγγέλωι

210 4107 297 4169 partes
315 4115 506 4169 nonnumquam
524 4101 721 4171 protogenistae
745 4101 881 4156 mandatae
900 4107 991 4167 erant,
1011 4107 1040 4176 ut
1057 4103 1084 4156 in
1103 4103 1205 4172 Sopbo·

164 4200 170 4216 ’
210 4198 258 4254 ctis
271 4198 411 4270 Antigona.
