2654 4860
512 317 722 380 ..qq-

34 471 116 562 ‘au
140 494 352 577 posteriorem·
369 494 447 561 baec
471 494 652 559 comoediae
674 497 803 559 aetatem
836 491 1002 558 referenda
1022 509 1096 557 esse
1115 491 1166 556 ri·-
1199 575 1205 586 x
1281 503 1284 510 '

69 605 200 685 dentur,
223 611 366 686 corrupto
388 606 456 670 iam,
469 603 572 685 populi
593 621 687 667 sensu
710 603 809 667 mimis
842 583 970 685 aliisque
987 602 1071 685 ludis
1092 620 1165 666 sce·

67 716 146 778 uicis
168 714 217 778 vel
232 715 439 795 Circensibus,
462 715 494 776 in
516 713 624 795 quibus
646 714 705 794 ipsi
720 714 884 793 Caesares,
905 712 1052 779 Suetonio
1077 718 1166 791 teste,

72 830 178 906 partes
200 825 359 915 suscipere
382 830 445 888 non
468 804 719 905 dedignarentur,
739 823 936 904 plausumque
949 822 1008 885 sibi
1029 821 1172 904 exagita-

68 939 157 1012 rent;
184 933 296 998 reterri
327 934 407 996 enim
432 931 471 994 ad
493 932 560 1013 ipsa
577 931 712 996 Terentii
742 937 899 1012 tempora,
919 927 1000 994 ‘ium'
1019 929 1168 1012 particula

71 1048 161 1122 vetat,
183 1061 242 1123 qua
266 1042 297 1105 id
319 1047 434 1106 tantum
457 1048 574 1122 tempus
604 1041 774 1123 significari
795 1046 905 1125 potest,
928 1058 988 1122 quu
1011 1041 1168 1106 Romano·

69 1170 136 1216 rum
156 1136 339 1236 elegantiam
367 1158 396 1216 et
426 1151 630 1216 eruditionem
659 1147 729 1214 iam‘
751 1168 862 1235 magna
885 1169 925 1216 ex
951 1156 1038 1233 parte
1059 1168 1167 1215 eversa
1274 1227 1278 1235 Ι

32 1278 34 1283 ·
69 1261 238 1344 videamus,
249 1262 382 1326 minime
397 1267 502 1333 antem
523 1260 564 1340 id,
588 1278 648 1342 quo
674 1261 834 1342 coeperint
856 1261 976 1325 demum
997 1257 1166 1325 e'Graecis

72 1370 183 1435 tabulis
205 1370 369 1454 latinisque
388 1389 490 1443 earum
509 1370 728 1434 imitationibus
740 1369 923 1452 voluptatem
938 1388 1059 1452 capere.
1081 1371 1168 1434 Con·
1243 1364 1265 1408 ²

70 1479 263 1545 suetudinem
286 1487 470 1551 autemnon
497 1478 706 1562 distinguendi
736 1485 822 1545 actus
849 1479 983 1544 Terentii
1005 1481 1065 1545 iam
1086 1487 1167 1545 tem·
1277 1492 1289 1513 ²

34 1602 52 1610 ··
73 1607 153 1671 pore
174 1590 206 1651 in
228 1607 285 1653 usu
298 1589 403 1653 ‹luisse
425 1589 452 1653 si
473 1589 541 1670 quis
563 1588 753 1653 contendere
773 1589 880 1665 volet,
903 1607 942 1654 eo
966 1590 1051 1654 nisus
1073 1609 1171 1674 argu-

22 1697 24 1703 ’
71 1705 185 1779 mento,
209 1699 290 1781 quud
310 1700 391 1762 inter
412 1700 527 1780 primos
547 1705 611 1762 tres
633 1699 770 1763 Andriae
789 1707 874 1764 actus
891 1719 953 1765 non
967 1701 1066 1765 solum
1087 1700 1170 1764 nulla

73 1827 165 1875 causa
185 1809 245 1889 sit,
268 1827 324 1872 cur
350 1809 560 1873 intercesserit
574 1820 691 1889 pausa,
719 1811 956 1891 verumetiam,
979 1817 1011 1873 ut
1028 1827 1090 1874 uno
1122 1817 1172 1873 te-

74 1935 151 1981 ncre
174 1936 229 1982 eos
253 1924 341 1982 actos
365 1936 435 1983 esse
457 1918 653 1999 accipiamus,
670 1925 714 1981 et
741 1926 876 1983 extrema
895 1938 1056 1984 scenarum
1079 1918 1176 1983 verba

52 2010 104 2090 ‚et
124 2028 254 2091 actionis
289 2046 400 2091 nexus
418 2032 548 2110 cogant:
579 2027 608 2089 ei
639 2032 673 2089 ut
696 2027 914 2108 obloqramur,
948 2029 1008 2092 duo
1043 2029 1171 2110 putissi—
1228 2014 1230 2018 ¹

74 2135 182 2204 simum
204 2143 384 2217 argumenta
408 2152 603 2199 commovere
633 2153 690 2199 nos
712 2144 849 2218 possunt.
893 2138 1044 2217 Primum,
1066 2145 1099 2200 ut
1120 2138 1171 2219 qui

34 2320 41 2335 Ἀ
73 2250 174 2308 exstat
195 2245 273 2309 alter
294 2245 430 2310 eiusdem
453 2245 590 2310 Andriae
611 2246 720 2326 exitus,
743 2265 761 2309 e
782 2249 955 2328 posteriore
979 2247 1100 2313 fabulae
1120 2266 1173 2313 re·

73 2349 222 2419 censione
257 2356 407 2439 originem
431 2357 517 2420 duxit
539 2361 586 2437 ⁰),
610 2358 652 2421 ita
685 2375 722 2421 ea
750 2353 840 2433 toce',
863 2355 950 2422 unde*
966 2364 1028 2422 tres
1053 2359 1171 2440 primos

78 2471 164 2528 actus
186 2482 248 2527 uno
272 2471 379 2529 tenore
394 2471 537 2546 peractos
560 2484 632 2530 esse
651 2484 761 2530 revera
778 2468 975 2547 consequitur
994 2469 1036 2548 [l.
1050 2469 1078 2530 5.
1094 2475 1171 2532 extr.

77 2575 113 2636 ll.
138 2574 168 2636 6.
191 2580 286 2653 extr.)
312 2579 353 2654 ¹⁰)
374 2592 438 2637 non
458 2575 558 2638 minus
578 2575 736 2655 probabile
760 2583 808 2640 est
829 2595 847 2640 e
868 2578 1041 2659 posteriore
1060 2596 1174 2642 recen-

73 2685 164 2749 sione
184 2685 323 2767 prolecta
344 2668 425 2748 esse.
478 2684 556 2749 Dein
579 2688 647 2750 veri
678 2679 818 2767 absimile
842 2704 905 2750 non
930 2693 977 2751 est
997 2687 1171 2752 Terentium

77 2879 379 2890 mac—a·-

126 2986 156 3058 9)
177 2987 216 3039 Ul.
232 2988 347 3054 ‘Ritselet
366 2989 398 3040 de
417 2989 522 3058 gemino
538 2973 608 3042 exilu
619 2989 734 3043 Andriae
744 2989 923 3044 Terentianae.
944 3005 1046 3061 parerg.
1057 2991 1139 3047 Plaut.
1152 2989 1171 3046 l.

91 3080 97 3093 ⁸
173 3098 199 3150 p.
212 3083 264 3136 583
282 3073 339 3152 s'qq.

94 3158 158 3250 w)
179 3179 200 3232 l.
220 3161 300 3234 5266
319 3178 468 3248 Pamphilus
498 3181 524 3232 in
545 3195 624 3232 scena
642 3189 767 3248 remanet,
792 3189 928 3252 postquam
949 3183 1074 3252 llysidem
1094 3185 1172 3238 dimi.

75 3265 76 3268 ¹
173 3279 222 3343 sit3
242 3277 367 3341 (fortasse
388 3275 432 3329 hic
451 3277 548 3330 excidit
568 3278 733 3348 ‘monologus
749 3278 793 3332 vel
820 3281 957 3347 cauticum,
980 3296 1032 3350 quo
1051 3282 1125 3334 linito
1144 3298 1174 3334 se

173 3374 301 3425 abiturum
321 3374 418 3426 indicet
436 3374 596 3444 Pampbllus,
614 3384 641 3428 ut
659 3380 685 3427 in
707 3377 849 3429 comoediis
875 3377 932 3428 lieri
951 3376 1055 3429 solitum
1075 3385 1125 3448 est)
1139 3373 1175 3441 'et

67 3494 69 3498 ⁸
173 3472 277 3524 tertium
296 3479 381 3524 actum
400 3471 472 3522 nulla
488 3473 669 3525 intercedente
688 3488 768 3540 pauso
782 3479 922 3524 extremam
940 3473 1048 3526 secundi
1067 3480 1172 3527 scenam

174 3569 328 3636 excepisse,
360 3583 392 3620 ex
412 3566 505 3620 Dnnati
522 3568 611 3621 verbis
630 3570 813 3636 consequitur,
835 3585 904 3639 quae
922 3570 955 3623 ad
974 3569 1008 3625 tt.
1027 3568 1052 3631 6.
1067 3569 1106 3624 ,16
1123 3572 1172 3624 sd-

175 3668 296 3734 scripsit:
314 3665 457 3735 ,Quidnam
479 3664 805 3720 bienoltneteratorsibie
822 3668 974 3734 „Veterator
995 3676 1036 3721 eet
1053 3674 1128 3721 retus
1147 3669 1174 3730 in

175 3764 295 3829 „astutim
317 3771 343 3816 et
360 3765 403 3832 qui
423 3765 450 3815 in
470 3764 539 3815 omni
557 3779 588 3816 re
609 3762 719 3836 callidus
740 3773 789 3816 est.
808 3764 841 3814 Et
859 3764 884 3814 bi
905 3764 955 3816 duo
969 3768 1061 3817 versus
1081 3770 1172 3817 osterr-

175 3859 263 3926 „dunt,
282 3859 411 3927 pulsatum
431 3875 489 3912 esse
510 3875 600 3912 senem
618 3867 771 3926 argumente
799 3858 922 3912 falsarum
945 3861 1108 3928 nuptiarum:
1126 3859 1178 3911 illo>

175 3952 355 4025 ,argumentm
374 3956 447 4024 quod
470 3958 515 4020 ait,
533 3955 677 4023 paullulum
705 3956 825 4007 obsonii:
854 3941 983 4026 tamquam
1002 3934 1173 4009 se'tttuderet
1214 3942 1216 3951 ¹

170 4054 289 4120 ,Davus
338 4053 402 4106 Sunt
433 4067 496 4120 ergo
524 4051 613 4124 uerba,
636 4060 663 4103 ut
682 4052 807 4119 diximus,
828 4067 919 4124 seeum
935 4052 1075 4120 cogitantis
1092 4054 1173 4120 senis,

176 4157 236 4215 „aut
254 4150 287 4200 de
307 4148 369 4214 bis,
389 4162 458 4216 quae
476 4162 546 4199 nunc
565 4148 652 4203 Davus
680 4147 783 4201 loeutus
803 4156 851 4216 eet,
872 4157 917 4202 eat
936 4147 966 4202 de
984 4147 1095 4202 adventa
1112 4162 1171 4203 aaa·

176 4245 276 4314 trema,
296 4253 361 4319 qaae
378 4247 407 4304 a
426 4260 530 4301 remam
550 4246 656 4302 sentent
675 4246 777 4303 motos
854 4252 856 4257 '
