2654 4860
508 329 720 396 -m-

57 506 166 586 tamen
187 515 389 596 discrimine,
402 518 404 524 ’
419 519 453 578 ut
484 518 515 582 et
535 513 699 578 'condemn
728 511 827 594 possit
855 489 949 576 scena
982 517 1081 591 esse)
1100 525 1166 577 nou

59 610 162 695 minus
186 627 234 692 ad·
250 645 320 708 eas,
344 641 423 708 quae
452 623 662 688 dediceretis
688 622 770 687 dicta
798 625 998 706 sunt,‚quam
1019 621 1158 686 adhaec

23 726 36 743 ⁸
56 741 127 824 ipsa
148 738 304 821 pertinere
326 752 451 801 censeo.
494 735 577 799 Ecce
597 733 790 818 grammatici
809 733 904 797 verba
929 739 976 813 [p.
992 731 1082 810 488).
1107 731 1159 813 ,ln
1193 791 1197 799 .

59 849 199 933 ,Graeco
217 847 353 912 dramate
376 846 443 910 iere
463 851 528 908 tres
540 861 693 926 personae
709 843 796 908 solae
817 849 921 926 agunt,
943 843 1076 924 ideoque
1091 840 1158 922 Ho-

58 960 172 1044 ,ratius
194 958 253 1024 ait:
283 975 343 1023 nec
375 961 482 1038 quarta
509 955 595 1038 loqui
629 970 762 1036 persona
783 952 923 1035 laboret,
954 953 1024 1036 quia
1053 957 1160 1035 quarta

60 1088 201 1154 ,semper
229 1060 328 1133 'muta
379 1047 417 1131 m
437 1065 523 1131 latini
554 1065 722 1146 scriptores
751 1063 923 1146 complures
954 1079 1104 1146 personas
1126 1063 1160 1127 in

61 1179 199 1266 ,tabulas
222 1177 434 1258 introduxere,
456 1184 489 1241 ut
508 1176 717 1258 speciosiores
739 1175 912 1257 frequentia
934 1175 1100 1240 iacerent.“
1122 1173 1161 1238 Et

59 1289 162 1374 paralio
183 1295 254 1373 post
275 1306 305 1378 p.
322 1287 401 1362 489:
439 1286 592 1368 ,Membra
613 1270 842 1349 comoediarum
872 1283 931 1349 tria
950 1290 1030 1366 sunt,
1054 1284 1161 1350 diver-

57 1400 170 1484 ,bium,
194 1399 357 1478 canticum,
379 1398 502 1461 chorus.
554 1397 690 1462 Membra
721 1396 903 1490 comoediae
933 1397 1056 1462 diversa
1078 1403 1160 1478 sunt,

58 1509 202 1592 ,definito
224 1514 326 1573 tamen
346 1524 479 1574 numero.
496 1505 702 1588 continentur,
726 1526 744 1571 a
768 1507 900 1589 quinque
921 1523 1018 1589 usque
1039 1507 1079 1572 ad
1101 1507 1160 1572 de-

58 1639 156 1704 ,cem
180 1619 326 1684 Diverbia
348 1624 418 1684 sunt
445 1622 547 1699 partes
570 1618 809 1699 comoediarum,
831 1618 863 1681 in
885 1619 994 1700 quibus
1016 1617 1161 1683 diverso-
1235 1677 1241 1688 .

59 1751 148 1818 „rum
169 1726 322 1814 personne
342 1736 514 1802 versantur.⁸
562 1729 717 1794 Personae
748 1735 847 1793 autem
880 1718 1087 1795 diverbiorum
1108 1719 1169 1794 aut

59 1843 169 1924 ,duae,
190 1847 243 1907 aut
262 1847 336 1922 tres,
359 1857 431 1905 raro
456 1847 555 1905 autem
591 1845 733 1922 quattuor
758 1857 828 1904 esse
851 1841 982 1921 debent;
1002 1842 1081 1906 ultra
1104 1860 1161 1906 au-

62 1955 156 2038 ,gere'
178 1969 336 2017 numerum
353 1968 417 2015 non
439 1951 542 2015 licet.“
565 1950 686 2014 Summa
708 1968 824 2030 eorum,
849 1968 927 2039 quae
951 1951 1069 2033 profert
1081 1952 1160 2016 Dio-

59 2060 176 2143 medes,
196 2062 276 2127 baec
298 2068 355 2142 est,
376 2066 410 2124 ut
430 2061 469 2125 ad
491 2078 638 2125 summum
664 2065 805 2141 quattuor
825 2061 857 2123 in
876 2079 937 2125 una
961 2080 1056 2127 scena
1076 2063 1161 2145 loqui

60 2171 193 2236 debeant
220 2189 384 2253 personae.
436 2171 612 2252 Sedunum
646 2170 728 2234 nulla
758 2171 824 2235 iere
851 2171 891 2234 sit
911 2171 1023 2253 fabula,
1046 2174 1079 2236 in
1103 2192 1162 2256 qua

59 2280 138 2345 haec
151 2281 259 2366 regula
276 2285 398 2345 servata
411 2280 593 2361 reperiatur,
611 2279 812 2344 reiiciendam
828 2300 896 2345 cam
919 2301 1043 2364 censeo,
1069 2301 1161 2364 prae-

58 2391 164 2454 sertim
196 2407 287 2471 quum
316 2389 393 2452 nibil
423 2390 574 2471 pertineat
600 2389 751 2470 adeam,
782 2407 860 2470 quac
882 2391 973 2454 nobis
991 2390 1176 2458 ‘tractanda

58 2505 130 2580 est,
155 2492 381 2582 q'uaestionem:
402 2518 469 2563 eam
487 2498 628 2578 scilicet,
650 2505 683 2560 ut
703 2505 788 2564 certa
808 2500 982 2564 inveniatur
1002 2502 1075 2583 via,
1099 2520 1158 2585 qua

57 2609 92 2671 in'
110 2607 292 2678 dividendis
306 2608 410 2676 scenis
431 2609 634 2673 insistendum
656 2609 706 2671 sit.
736 2610 924 2692 Quamquam
942 2613 1023 2675 enirn
1045 2613 1084 2676 ad
1107 2615 1158 2676 in-

58 2716 245 2800 telligendas
274 2717 392 2782 fabulas
419 2736 482 2782 non
514 2719 619 2802 magni
637 2720 783 2783 momenti
811 2725 859 2784 est
889 2720 968 2783 hacc
995 2739 1158 2788 scenarum

59 2827 194 2908 divisio,
230 2814 330 2910 neque
354 2828 422 2911 ipso
446 2835 536 2910 poeta
558 2835 685 2893 auctore
705 2830 797 2910 facta,
821 2834 941 2912 tamen,
965 2848 1055 2913 qurum
1078 2835 1160 2898 anti-

58 2940 160 3019 quitus
183 2938 295 3003 tradita
317 2938 366 3019 sit,
389 2939 574 3003 recentioris
597 2940 666 3004 aevi
688 2938 748 3003 viri
776 2939 859 3002 docti
879 2941 1070 3007 retinendam
1091 2963 1158 3008 eam

56 3051 247 3128 putaverunt.
290 3047 461 3112 Mirandum
482 3055 582 3112 autem
604 3055 662 3128 est,
685 3048 767 3129 quod
789 3049 821 3111 in
845 3069 881 3113 ea
901 3050 1053 3116 tralaticia
1076 3052 1159 3116 divi·
1236 3064 1239 3069 ’

55 3155 146 3220 sione
165 3136 396 3240 acquieverunt,
419 3174 508 3238 quarn
529 3174 646 3222 summa
667 3163 697 3221 et
721 3175 819 3239 paene
838 3158 1013 3243 incredibili
1032 3162 1156 3228 licentia

57 3271 92 3330 ct
110 3265 180 3350 sine
201 3268 284 3329 omni
300 3273 385 3331 certa
409 3266 480 3352 iege
500 3267 611 3332 iactam
631 3286 701 3333 esse
721 3271 873 3355 neminem
891 3273 988 3352 possit
1004 3273 1159 3360 effugere3

59 3375 142 3458 quod
162 3375 224 3439 iam
241 3377 358 3453 monuit
378 3375 569 3458 Leccinpa'ns,
584 3378 682 3442 Kritik
703 3379 758 3443 der
772 3380 974 3464 Gesangcnen
997 3384 1052 3452 des
1066 3385 1157 3451 Plau-

56 3491 115 3550 tus
156 3485 221 3552 vSed
242 3485 358 3550 nostris
378 3484 430 3548 bic
445 3487 524 3573 nibil
547 3505 623 3568 opus
645 3495 691 3551 est
709 3489 833 3570 verbis,
858 3508 949 3572 quum
970 3482 1158 3577 exploratis-

56 3594 167 3661 simum
187 3596 355 3662 habeamus
385 3597 493 3661 summi
514 3595 717 3662 Plautinarum
749 3618 852 3665 rerum
884 3603 991 3668 arbitri
1012 3607 1157 3677 iudicium

55 3711 122 3770 tcto
144 3706 247 3771 animo
269 3706 527 3789 amplectendum
550 3709 638 3774 cuius
659 3711 754 3775 verba
775 3712 854 3778 baec
877 3720 961 3780 sunt:
983 3716 1020 3797 (l.
1044 3718 1065 3782 l.
1087 3688 1159 3805 pap.

57 3812 154 3896 diiij:
177 3815 239 3898 ,im
258 3815 493 3899 Allgemeineb,
524 3818 624 3898 (denn
646 3820 821 3886 besondere
843 3821 926 3886 ualle
955 3820 1080 3890 konnen
1100 3828 1159 3892 be-

54 3925 208 4006 ,sondere
220 3924 468 3990 Modiiicationen
483 3928 685 4009 erbeiscbcn)
706 3931 747 4004 ist
768 3931 818 3994 ein
840 3935 1053 4018 verninttiges
1067 3936 1159 4002 Prin-

54 4034 123 4117 ,cip
147 4035 286 4101 otienbar
308 4034 385 4117 dies,
410 4037 481 4103 dass
501 4034 938 4109 neueNamcnirberscbriiten
961 4045 1000 4111 da
1013 4050 1157 4130 gemacht

54 4144 306 4227 ,werdcn,'wo
328 4138 408 4212 neue
441 4147 596 4216 Perscnen
619 4152 789 4242 nanneten,
814 4144 963 4240 dagegen⁴
978 4156 1081 4241 boine,
1106 4177 1156 4226 wo

56 4272 134 4339 ,nur
145 4251 264 4322 welche
277 4256 426 4342 abbaten,
446 4259 521 4329 aber
537 4259 829 4345 amuckbleibende,
851 4266 945 4344 (oder
960 4268 1159 4340 einZunick·

927 4394 952 4466 2
1015 4465 1020 4473 .
