2654 4860
461 260 750 388 ·-a·3

91 499 206 566 milites
228 500 452 587 describuntur,
473 502 531 571 seo
547 509 636 587 turpe
656 510 748 588 atque
765 502 961 571 inhonestum
977 496 1096 570 lacinus
1116 494 1194 571 nus-

95 626 187 694 quam
208 629 264 677 eos
286 616 474 681 committere
495 602 656 697 uidemus,
679 614 768 698 quale
789 616 902 681 lurtum
922 613 989 696 est,
1011 612 1099 706 cuius
1121 627 1194 677 reus

95 728 205 816 noster
225 723 378 789 iuvenitur
399 725 436 805 V,
452 729 483 790 5.
512 727 601 790 Unde
629 742 693 790 non
712 742 839 808 prorsus
860 722 1031 789 reiioienda
1053 721 1195 787 videatur

99 831 258 913 suspicio,
294 851 356 897 non
385 836 424 899 ab
446 837 513 918 ipso
534 837 637 902 Plauto
669 837 744 901 illud
764 835 899 919 >quidem
920 835 1093 917 profectum
1113 848 1195 913 esse,

10 1007 12 1010 ,
96 940 180 1022 quod
201 947 261 1005 tam
275 943 433 1029 indignum
452 947 561 1012 ordine
577 964 633 1012 suo
652 947 810 1010 committit
821 943 1083 1024 Anthemonides3
1104 959 1196 1024 quum

98 1055 180 1138 tptas
213 1048 279 1116 eius
308 1060 411 1136 partes
439 1055 612 1137 posteriore
633 1061 770 1140 tempore
800 1054 919 1121 additas
955 1051 1054 1136 putari
1073 1050 1196 1137 prologi
1245 1060 1253 1080 ‘

95 1174 160 1224 vso.
186 1160 245 1224 102
266 1166 297 1226 et
321 1163 514 1232 noscebant.
900 1163 903 1166 ”

523 1382 795 1448 Persm'
929 1446 931 1451 ,
1035 1374 1042 1382 ”

196 1589 345 1654 Vitiosum
375 1588 407 1652 in
435 1584 494 1652 bao
527 1587 629 1652 fabula
649 1592 697 1651 est
718 1587 818 1670 quarti
838 1593 925 1653 oclus
947 1587 1075 1652 initium.
1118 1584 1196 1652 Nam

51 1742 61 1752 -
93 1704 255 1782 postquam
283 1700 333 1781 lll,
365 1699 386 1764 3
420 1699 544 1763 Toxilus
573 1698 678 1764 lenoni
707 1705 867 1784 argentum
897 1698 990 1764 solvit
1019 1714 1075 1781 pro
1096 1697 1194 1762 amica

96 1825 163 1890 sua,
188 1809 271 1873 iubet
292 1826 360 1874 eum
380 1809 482 1873 statim
507 1826 563 1891 per
582 1809 702 1875 bortum
733 1810 765 1874 in
787 1802 873 1875 suam
894 1809 1017 1874 domum
1036 1807 1195 1873 transmit-
1277 1876 1288 1890 Ι

93 1925 161 1984 tera
181 1917 335 2001 puellam,
357 1923 388 1982 et
420 1924 613 1982 cunctantem
632 1919 680 1983 bis
713 1921 817 1984 verbis
839 1916 982 2001 impellit:
1006 1918 1096 2000 „dum
1117 1922 1193 1997 stas,

91 2029 224 2098 reditum
247 2028 418 2117 oportuit&
430 2029 538 2112 quibus
552 2047 613 2094 una
635 2030 740 2094 dicere
758 2028 895 2093 voluisse
916 2028 990 2092 mibi
1007 2027 1138 2106 videtum,
1158 2043 1193 2091 se

94 2140 161 2205 eius
183 2140 314 2204 reditum
336 2146 589 2222 exspectaturum.
640 2136 728 2205 llulla
750 2144 797 2204 est
818 2157 925 2220 causa,
951 2156 1005 2204 our
1026 2139 1077 2204 bic
1098 2134 1194 2203 Toxi-

94 2249 155 2313 lum
179 2264 308 2331 quoque·
322 2266 446 2314 scenam
474 2250 652 2332 relinquere
679 2256 835 2338 putemus3
864 2252 957 2315 immo
979 2264 1194 2325 eumneman-

95 2359 175 2423 sisse
196 2377 235 2424 ox
250 2358 361 2442 *verbis
374 2359 424 2441 lv,
438 2361 469 2441 3,
485 2361 605 2427 14-21
631 2363 827 2444 consequitur
834 2382 844 2439 3
867 2367 951 2424 certo
973 2358 1116 2440 enimsi
1136 2357 1194 2422 ab·
1292 2351 1293 2356 ’

31 2498 36 2505 Δ
92 2466 191 2546 iisset,
211 2471 279 2548 ipse
298 2465 469 2549 renuisset,
491 2486 562 2534 num
584 2470 727 2534 mandata
746 2474 908 2534 exsecutus
928 2475 1013 2534 esset
1031 2467 1114 2549 leno,
1136 2484 1196 2534 ne-

92 2593 152 2657 quc
177 2591 254 2658 opus
275 2576 442 2658 habuisset,
466 2583 511 2642 tot
531 2579 636 2644 verbis
665 2579 696 2643 id
714 2598 783 2645 eum
806 2580 1010 2664 interrogare.
1054 2579 1110 2644 Est
1129 2578 1193 2662 igi-

12 2766 21 2785 „
92 2692 142 2750 tur
171 2686 363 2768 incipiendus
383 2680 509 2770 'quanm
538 2695 623 2755 actus
653 2689 766 2756 iudea
798 2690 848 2770 lll,
873 2692 912 2769 Ως
943 2707 1013 2772 quo
1030 2689 1080 2768 lit,
1110 2694 1193 2751 utet

91 2794 206 2878 optime
227 2796 308 2860 inter
337 2815 372 2863 se
393 2799 580 2874 cohaereant
608 2817 738 2881 omnes,
762 2817 840 2883 quae
866 2806 1044 2882 sequuntur,
1068 2815 1193 2879 scenac,

94 2905 252 2995 usquead
274 2911 361 2970 actus
381 2908 484 2989 linem,
507 2916 538 2974 et
560 2910 711 2995 integram
735 2917 766 2975 et
794 2911 825 2973 in
847 2926 883 2974 so
904 2908 1048 2974 clausam*
1062 2907 1193 2972 actionis

92 3020 209 3095 partem
236 3021 325 3079 actus
355 3018 582 3100 complectatur.
612 3059 651 3073 -
672 3023 870 3106 *Quamquam
897 3039 962 3087 non
992 3020 1192 3101 falsitatum,
1288 3081 1291 3086 .

42 3215 45 3222 ,
93 3122 145 3202 qui
164 3124 357 3211 antecedunt,
380 3132 501 3193 actuum
523 3132 678 3196 constituti
693 3140 763 3198 sunt
777 3134 864 3214 lines,
883 3130 1073 3214 probabilior
1091 3136 1193 3196 tamen

93 3231 168 3295 mibi
188 3233 311 3301 videtur
342 3255 380 3303 ea
401 3254 508 3304 eorum
530 3241 660 3324 divisis,
683 3248 716 3308 ut
733 3244 831 3326 primo
854 3243 877 3325 l,
903 3247 931 3308 1.
956 3239 1095 3308 secundo
1115 3239 1139 3321 1,
1159 3241 1190 3321 9,

91 3341 115 3422 ι,
136 3341 166 3406 3.
192 3348 223 3406 ea
246 3345 283 3428 ιι,
310 3346 447 3430 1.11,a.
481 3352 572 3416 aaran
600 3353 637 3434 ιι,
661 3353 692 3417 3.
725 3354 761 3418 ιι.
786 3352 817 3418 ι.
853 3352 891 3434 ιι,
915 3355 988 3417 cc
1007 3350 1058 3432 ιιι,
1085 3352 1112 3415 1.
1134 3351 1193 3414 m-
1287 3399 1292 3411 .

92 3449 233 3516 boantun.

491 3619 793 3720 Budenm

149 3945 152 3950 ι
190 3856 270 3922 Nihil
293 3857 424 3939 invenio¹
446 3856 478 3920 in
499 3856 558 3921 bac
589 3855 712 3938 fabula,
737 3858 818 3940 quod
841 3860 1055 3930 emendatione
1075 3871 1190 3948 careal,

91 3967 152 4033 nisi
176 3969 255 4040 forte
280 3958 415 4049 quintum
441 3971 541 4029 actum
561 3966 635 4030 indo
659 3986 677 4030 a
699 3966 786 4047 lV,8
815 3968 910 4053 incipi
931 3970 1036 4053 malis,
1070 3977 1190 4059 utplus
1283 4004 1288 4011 ·

92 4076 132 4138 sit
153 4078 310 4160 temporis,
331 4076 369 4142 ad
393 4076 611 4141 arcessendum
635 4076 742 4141 benum
760 4079 964 4156 Trachalioni.
987 4123 1027 4137 -
1046 4075 1191 4153 ¹Notanda

92 4189 141 4297 est
161 4185 350 4272 negligentia
378 4189 506 4271 poetae,
538 4187 589 4271 qui
610 4189 660 4273 lV,
677 4190 743 4272 5‚8
765 4197 795 4255 et
817 4191 866 4275 Ν,
882 4178 966 4276 6,'1o
999 4194 1186 4262 Daemouem
