2654 4860
569 294 829 392 mom

110 476 162 557 iis,
186 491 264 557 quae
279 474 382 548 ferrea
399 473 489 538 nobis
513 473 639 539 tradidit
660 479 756 554 aetas,
781 489 872 555 qpum
892 477 1015 555 praeter
1029 488 1120 536 unum
1133 473 1212 538 Var-

112 586 212 667 ronis,
236 586 365 651 aliorum
386 603 427 648 no
448 584 571 658 nomina
594 560 718 666 quidem
740 588 896 667 comperta
918 583 1095 648 habeamus.
1192 565 1193 569 ¹

126 691 129 694 ⁴
213 696 260 762 Ac
283 696 412 776 primum
435 695 576 775 quidem,
606 711 685 775 quae
719 694 830 758 Donati
852 710 966 756 nomen
997 691 1128 755 terentia
1150 708 1213 755 no-

116 813 210 871 stram
233 811 363 870 aetatem
389 805 536 885 tulerunt,
569 805 755 888 farraginem
781 821 853 868 esse
874 802 1214 879 animadversionuma
1285 871 1293 885 ,

115 915 249 979 diversis
274 914 527 995 conscriptarum,
550 930 640 978 nemo
661 919 719 1007 est,
742 913 793 994 qui
814 912 939 977 nesciat.
964 912 999 974 lu
1023 915 1214 974 commenta-

112 1026 197 1089 tione
222 1025 261 1088 de
293 1030 372 1108 trag.
404 1028 434 1087 et
457 1039 536 1085 com
572 1022 762 1105 potissimum
792 1020 916 1086 secutus
946 1027 993 1084 est
1022 1020 1214 1114 Euanthium,

115 1152 205 1216 quem
227 1136 259 1198 in
274 1098 524 1199 Terentianorum
546 1134 744 1214 interpretum
764 1149 892 1195 numero
916 1131 1014 1197 luisse
1036 1135 1144 1196 auctor
1167 1136 1215 1195 est

112 1246 237 1310 Rufinus
258 1244 477 1331 Antiochensis
500 1244 540 1306 de
563 1243 668 1306 metris
695 1241 822 1307 comicis
854 1239 956 1305 libello
991 1248 1036 1321 (p.
1052 1213 1215 1320 etrum„

114 1355 226 1437 quod
217 1374 277 1420 ram
293 1353 545 1436 bindenbropinm
571 1353 788 1430 (observatt.¹
781 1371 812 1414 m
831 1350 943 1415 Donati
963 1356 1156 1415 commentat
1176 1349 1216 1414 de

113 1472 193 1550 trag.
215 1472 245 1528 et
269 1472 364 1545 com.)
385 1464 575 1528 intellexisse
602 1463 735 1543 reperio.
786 1462 898 1545 Magna
920 1465 1019 1524 autem
1041 1459 1160 1524 incuria
1184 1465 1215 1525 et

112 1574 301 1657 negligentia
323 1575 497 1656 conscripta
520 1580 567 1637 est
587 1572 639 1638 illa
662 1573 901 1650 commentatio;
934 1571 1017 1654 quod
1038 1570 1114 1637 satis
1135 1588 1213 1652 pro-

112 1684 231 1747 baverit
254 1683 342 1747 locus
359 1682 397 1747 de
417 1683 554 1765 partibus
568 1682 759 1746 comoediae
784 1680 982 1761 (,oomoedia
994 1697 1050 1761 per
1072 1685 1214 1772 quattuor

112 1798 215 1875 partes
238 1792 398 1857 dividitur*
421 1813 448 1858 e.
472 1811 501 1875 q.
522 1803 565 1870 s.)
588 1793 775 1871 verbotenus
797 1791 865 1856 iere
886 1790 987 1872 paullo
1005 1796 1075 1872 post
1095 1790 1214 1872 repeli-

112 1909 179 1982 lus,
210 1902 260 1966 vel
292 1903 325 1964 in
344 1887 512 1985 principio,
538 1903 727 1972 Graecorum
756 1900 919 1966 comoedia
941 1905 1122 1965 commutata
1144 1901 1213 1964 cu'm
1305 1981 1306 1984 Ἴ

112 2012 318 2076 Romanorum
341 2017 464 2098 satura.
508 2011 656 2077 cautione
679 2011 773 2095 igitur
793 2027 869 2090 opus
902 2015 949 2076 est
976 2009 1010 2071 in
1031 2009 1213 2074 adhibendis
1274 2060 1276 2062 -

116 2120 166 2199 iis,
189 2138 297 2203 quae
288 2121 434 2185 Donatus
446 2120 605 2201 praecipit.
672 2191 675 2198 7
979 2127 983 2134 “

212 2231 259 2292 De
281 2229 432 2326 Euanthio
467 2229 544 2295 nihil
567 2228 667 2292 habeo
690 2227 885 2307 addendum,
913 2228 974 2292 nisi
998 2227 1081 2308 quod
1103 2225 1214 2292 iisdem
1310 2209 1311 2212 ¹

113 2356 182 2402 eum
206 2354 274 2401 cum
287 2314 408 2403 Donato
422 2340 621 2420 temporibus,
641 2340 672 2403 h
687 2358 714 2402 e.
736 2337 854 2421 Olpmp
866 2336 1052 2402 cclxxxv
1065 2342 1214 2419 regnante

111 2450 290 2513 Constantio
313 2450 505 2515 Constantini
528 2449 591 2527 lilio
610 2448 766 2526 floruisse,
788 2464 889 2528 neque
906 2445 985 2510 male
1007 2446 1163 2511 audisse
1155 2465 1207 2510 m-

114 2565 162 2622 ter
183 2560 267 2623 viros
290 2558 400 2623 doctos
423 2565 509 2622 notat
530 2531 748 2640 hieronymus

195 2667 371 2750 Diomedes,
396 2674 495 2732 aetate
516 2687 628 2756 suppar
639 2667 790 2749 Charrsro,
805 2685 902 2751 quem
913 2668 1215 2749 maximampartem

76 2805 81 2811 ·
111 2777 292 2859 descripsit,
314 2777 346 2840 in
368 2777 467 2850 tertio
482 2777 565 2869 libro.
586 2778 851 2842 commentationis
880 2796 969 2863 suae·
983 2777 1032 2840 ‘dc
1060 2776 1211 2858 oratione,

109 2887 147 2950 de
163 2887 305 2966 portibus
333 2888 482 2959 orationis
511 2895 540 2951 ct
572 2888 609 2951 dc
627 2889 718 2952 corio
739 2894 904 2951 metrorum
928 2887 1047 2968 penerc’
1067 2887 1216 2955 nonnulla
1240 2873 1241 2876 ¹

111 2997 239 3062 edocuit
267 2997 307 3062 ad
329 2998 520 3071 comoediam
541 2999 709 3063 Romanam
739 2999 926 3080 spectantia,
951 3016 1029 3079 quae
1049 2998 1131 3062 inira
1153 3016 1213 3079 po-

91 3104 178 3173 sui:
202 3107 348 3186 ,Labrrae
368 3102 444 3170 vero
466 3094 648 3172 comoediae
674 3108 800 3172 chorum
820 3126 883 3171 uon
907 3109 1032 3209 habent,
1053 3108 1109 3172 sed
1134 3099 1216 3170 duo-⁴

110 3217 186 3297 ,bus
210 3221 324 3279 tautum
347 3216 491 3280 membris
515 3222 678 3296 constant,
709 3217 864 3282 diverbio
873 3224 904 3281 et
925 3204 1056 3282 cantico.
1105 3217 1212 3284 Primis

64 3358 69 3367 ν
110 3332 229 3408 ,autem
242 3327 441 3409 temporibus,
458 3333 490 3389 ut
503 3327 616 3391 asserit
629 3326 832 3409 Tranquillus,
849 3328 962 3406 omnia,
981 3346 1059 3423 quae
1071 3328 1103 3391 ιι
1115 3345 1213 3393 scena
1246 3305 1248 3309 ’

110 3436 331 3517 ,versantem
323 3453 355 3498 ιιι
370 3436 535 3501 comoedia
556 3437 736 3520 agebantur.
780 3438 855 3501 Nam
879 3437 1081 3517 pantomimus
1104 3443 1135 3501 et
1154 3455 1214 3520 py-

111 3543 247 3625 t„haules
270 3548 300 3606 et
322 3544 524 3609 choraules
516 3563 548 3608 m
572 3546 734 3610 comoedia
769 3545 930 3611 canebant.
974 3547 1044 3611 Sed
1058 3547 1128 3628 paria
1149 3564 1212 3610 non

111 3657 273 3732 ,poterant
294 3653 396 3717 omnia
417 3653 495 3734 apud
521 3670 628 3718 omnes
650 3653 782 3718 artifices
802 3649 1093 3735 pariterexcellere,
1111 3656 1137 3717 si
1162 3656 1214 3736 qui

91 3766 220 3845 v„erant
240 3761 321 3824 inter
346 3769 469 3826 actores
500 3743 728 3829 comoediarum
759 3781 815 3845 pro
847 3763 990 3829 facultate
1012 3770 1043 3829 et
1066 3769 1132 3828 arte
1152 3781 1213 3844 po-

110 3874 242 3953 ,tiores,
265 3871 464 3953 principatum
490 3874 549 3938 sibi
575 3874 694 3938 artilicii
719 3873 926 3938 vindicabant.
949 3874 1000 3940 Sic
1020 3874 1134 3937 lactum
1155 3879 1213 3954 est,

110 3989 185 4063 ,ιι,
208 3981 383 4045 nolentibus
408 3985 521 4048 cedere
550 3984 649 4046 mimis
673 3985 704 4046 in
727 3983 855 4048 artificio
880 4001 937 4048 suo
964 3981 1099 4061 ceteris,
1122 4000 1215 4064 sepa·
1264 3987 1271 3995 '

98 4093 209 4176 ,ratio
231 4092 319 4157 tieret
339 4092 536 4176 reliquorum.
579 4094 654 4160 Nam
678 4093 748 4159 dum
768 4095 906 4175 potiores
928 4091 1138 4171 inferioribus,
1161 4093 1222 4174 qui

113 4207 166 4290 ,in
188 4203 270 4269 omni
292 4205 463 4290 ergasterio
486 4210 585 4288 erant,
601 4203 727 4306 'servire
749 4195 1006 4291 dedignabantur,
1029 4222 1064 4271 se
1086 4204 1172 4287 ipsos
1194 4221 1212 4266 a
