2654 4860
499 290 535 376 Q
578 235 825 389 vra-4

142 486 233 555 quam
256 467 472 534 comissatores
504 467 584 532 intus
615 484 650 534 se
670 472 870 549 receperunt,
892 464 1004 535 Tranio
1024 467 1134 544 autem,
1156 459 1241 527 senis

92 596 112 620 '1
142 580 307 644 adventum
338 583 584 660 exspectaturus,
624 595 658 643 se
698 577 901 642 abscondidit.
955 578 1090 652 Quorum
1120 572 1241 656 quidem

140 689 194 756 hic
216 688 315 752 minus
345 686 521 768 probandus
549 689 684 769 videtur,
716 704 807 770 quum
833 687 1101 753 omniuocontra
1125 700 1241 748 morem

141 799 183 865 sit
212 798 244 862 in
276 798 497 878 componendis
530 799 640 887 tabulis
665 800 768 864 Plauto
806 799 966 879 usitatum,
1001 803 1116 861 tantum
1141 794 1243 877 spatii

139 909 239 993 primo
272 908 353 974 actui
380 890 530 987 concedi,
559 912 702 987 quantum
734 905 988 986 complecteretur
1008 904 1040 967 in
1063 905 1169 966 nostra
1190 902 1241 966 la-

141 1019 222 1103 bula,
244 1019 272 1082 si
294 1035 311 1079 a
335 1018 407 1097 ll,2
430 1016 548 1080 demum
569 1015 723 1080 secundus
745 1014 932 1096 inciperetur
953 1019 1048 1078 actus.
1081 1011 1136 1076 Est
1159 1010 1239 1077 enim

138 1118 257 1211 primus
280 1132 381 1205 aolus,
417 1125 536 1188 sivein
561 1123 689 1189 Graecis
710 1123 821 1189 fabulis
843 1117 996 1206 πρότασις
1026 1119 1144 1184 initium
1166 1120 1240 1185 dra·

96 1295 97 1298 ,
142 1236 243 1317 matis,
268 1252 328 1317 quo
349 1251 419 1315 pars
441 1232 612 1315 argumenti
633 1230 811 1313 explicatur,
843 1248 915 1313 pars
936 1231 1093 1311 reticetur,
1119 1229 1157 1294 ad
1180 1247 1239 1312 po·

141 1345 204 1427 puti
227 1341 485 1425 exspectationem
506 1340 670 1418 tenendam
678 1362 687 1420 3
711 1341 837 1420 (Donat.
859 1346 1022 1404 comment.
1046 1339 1084 1403 de
1106 1344 1186 1422 trag.
1211 1345 1241 1402 et

141 1440 239 1530 com.)
267 1433 441 1518 edocemur
455 1452 487 1513 in
506 1467 555 1530 eo,
580 1456 722 1530 quantum
736 1450 930 1526 accessesit,
952 1449 991 1513 de
1008 1448 1144 1513 moribus
1168 1465 1241 1531 per-

139 1578 286 1628 sonarum
307 1560 398 1625 etde
419 1559 655 1652 conditionibus,
671 1560 704 1622 in
723 1560 837 1642 quibuu
853 1566 1024 1649 versentur,
1047 1559 1164 1623 relictis
1189 1577 1242 1627 er:-

139 1673 263 1737 roribus
292 1677 322 1736 et
351 1669 446 1734 turbis
478 1676 508 1734 et
540 1671 661 1734 actione
692 1670 801 1734 mediis
833 1670 955 1735 fabulae
977 1670 1113 1750 actihus,
1136 1669 1240 1751 quinto

140 1758 274 1862 denique
310 1781 524 1862 catastrophen
547 1779 734 1842 continente.
788 1781 924 1843 Praestat
959 1779 1052 1864 igitur
1076 1778 1242 1843 secuudum

139 1895 240 1957 actum
258 1909 275 1954 a
296 1889 357 1971 l,2
378 1890 533 1972 inciperc;
551 1892 734 1970 'quamquam
753 1889 877 1954 obstare
896 1888 1028 1971 videtur,
1054 1887 1136 1970 quod
1160 1886 1241 1951 Gru·

127 1999 203 2064 'mio
226 2000 250 2081 l,
267 2002 296 2082 1,
308 1999 360 2080 79,
384 1999 477 2062 dieii:

199 2142 206 2147 ·
447 2169 455 2186 .
502 2141 654 2204 .„ccccm
676 2123 804 2189 herilem
824 2124 916 2189 lilium
1028 2131 1030 2136 ’

340 2249 653 2331 „Videocorruptum
673 2251 726 2316 hic
748 2271 788 2316 ex
811 2251 1009 2316 adulescente
1031 2256 1184 2333 optumo-s

139 2377 218 2443 Nam
236 2357 357 2440 ‘ccccm’
376 2392 446 2439 voc.
469 2375 647 2458 plerumque
670 2378 709 2440 de
729 2379 767 2441 iis
784 2379 934 2458 usurpari,
957 2378 1007 2458 qui
1025 2377 1085 2440 iam
1101 2377 1131 2442 in
1146 2394 1240 2441 scena

126 2492 285 2570 agentes,
309 2491 360 2546 ant
381 2484 580 2548 advenientes
597 2486 836 2567 conspiciantur,
852 2503 943 2567 quum
957 2485 1066 2568 negari
1079 2502 1142 2549 non
1163 2502 1240 2568 pos-

137 2593 192 2672 sit,
217 2610 256 2655 ex
280 2585 340 2656 hoc
368 2592 438 2673 loco
470 2592 713 2658 concludendum
744 2593 903 2674 videatur,
936 2596 1036 2658 statim
1066 2601 1135 2677 post
1157 2596 1240 2659 servi

138 2701 254 2763 ahitnrn
275 2701 510 2766 Philolachetem
532 2703 646 2768 intrare
671 2704 797 2784 dehere,
829 2722 929 2786 neque
953 2705 991 2767 da
1012 2703 1174 2769 intervallo
1197 2705 1241 2766 ibi

138 2809 272 2892 cogitari
298 2828 403 2892 posse.
455 2812 561 2876 Exstat
593 2819 692 2877 autem
714 2796 801 2876 locus
832 2813 910 2895 apud
933 2802 1068 2879 Plautum
1089 2813 1167 2879 Rud.
1189 2814 1241 2887 tv,

138 2921 171 3001 4,
200 2919 275 2983 130:

342 3045 428 3129 „Ego
451 3064 518 3111 sum
539 3038 724 3129 Daemones,
745 3054 777 3112 et
800 3053 896 3113 mater
916 3054 968 3113 tua
991 3028 1067 3113 ecca
1090 3049 1141 3113 hic
1161 3049 1242 3114 intus

936 3157 1101 3224 Daedalis“
1196 3185 1200 3191 ·

141 3282 194 3362 qui
217 3281 403 3347 adverbum
426 3283 514 3347 iere
506 3301 537 3345 m
555 3288 691 3348 nostrum
706 3283 843 3365 quadrat,
867 3284 1127 3366 demonstratque,
1150 3285 1242 3348 etiam

145 3386 386 3456 de‘'11s‘'cceum
416 3409 485 3454 voc
510 3393 665 3474 usurpari,
698 3394 750 3475 qui
782 3411 845 3456 non
868 3394 1006 3457 solum
998 3414 1030 3458 m
1055 3412 1148 3458 scena
1170 3395 1242 3489 sint,

139 3501 202 3564 sed
219 3521 236 3564 a
258 3472 402 3582 loquente
424 3516 615 3580 personare
638 3507 766 3583 possunt
788 3503 909 3585 quidem
931 3503 1040 3566 videri.
1072 3503 1161 3609 Quod
1184 3520 1245 3567 au-

99 3672 114 3693 ,
140 3617 201 3675 tem
224 3611 299 3673 dicit
321 3610 458 3690 Grumio,
483 3627 608 3690 ,eccum
627 3611 765 3675 herilem
789 3613 882 3677 lilium
911 3613 999 3676 oideo
1018 3619 1192 3693 corruptum
1213 3632 1240 3677 e

141 3739 171 3801 q.
196 3737 222 3782 s.
248 3736 286 3782 eo
310 3719 414 3784 valere
435 3737 569 3800 censeo,
597 3727 631 3784 ut
663 3722 768 3799 dicere
788 3724 883 3803 uelit,
907 3723 1082 3807 intelligere
1106 3739 1141 3785 se
1165 3739 1240 3784 cor-

127 3833 259 3909 'ruptum
285 3845 354 3891 esse
376 3827 469 3909 illum,
493 3847 555 3893 noa
579 3830 753 3913 corruptum
777 3832 860 3896 illum
880 3850 914 3896 se
937 3832 1119 3914 conspicere
1140 3831 1239 3895 advo

140 3939 286 4002 nientem.
331 3937 411 4002 Nihil
446 3940 539 4020 igitur
573 3941 789 4022 impedimento
811 3947 874 4023 est,
904 3944 1064 4056 quominus
1094 3943 1125 4004 in
1157 3939 1238 4008 huno

141 4045 264 4109 modum
286 4047 408 4124 sahulae
429 4049 544 4111 initium
570 4048 776 4131 disponamus.
