2654 4860
372 507 540 571 Mirandum
570 514 732 588 saneest,
766 507 848 589 quod
869 513 989 572 actuum
1013 506 1135 586 divisio,
1157 523 1246 588 quam
1269 527 1324 572 mu

273 616 351 678 locis
374 616 567 681 salsissimam
590 610 660 682 esse
681 620 734 680 vix
758 617 844 682 credi
872 624 1000 698 possunt
1031 614 1166 681 editores
1190 635 1253 681 non
1276 619 1325 681 int

272 725 397 806 lexisse,
419 744 475 808 per
495 727 552 790 tria
574 728 703 791 *saecula
733 729 908 792 criticorum
941 728 1039 791 obelis
1065 731 1178 792 intacta
1210 713 1321 793 remam

272 835 391 917 Singuli
408 841 533 915 tantum,
556 843 588 898 ut
609 838 762 917 Dacieria‚
787 839 918 902 Roosius
940 838 1013 918 alii,
1037 839 1157 920 singula
1181 839 1312 902 emenda

269 951 351 1024 runt,
369 945 425 1008 sed
441 945 627 1026 amplectens
642 948 754 1026 omnia,
776 957 855 1029 quae
874 948 932 1010 huc
948 954 1098 1029 spectant,
1119 949 1263 1011 recensio
1274 948 1326 1012 Pla

274 1059 305 1115 et
327 1050 582 1128 Terentiiadhue
616 1055 818 1127 desideratur.
869 1056 943 1150 ilem
975 1057 1096 1137 quidem
1128 1075 1298 1140 aggressus

202 1231 206 1236 ,
270 1163 395 1227 Bothius
423 1164 511 1227 inea
541 1149 635 1226 Plauti
665 1165 823 1245 editione,
848 1183 926 1246 quae
951 1162 995 1227 ‘in
1025 1184 1111 1229 usum
1145 1166 1318 1251 elegantior

201 1277 204 1281 ’
269 1262 443 1336 Ιιοηιῑηυω”
456 1272 569 1355 prodiit
584 1273 719 1337 Berolini
738 1276 917 1354 1809-113
944 1276 1000 1338 sed
1023 1276 1136 1361 insigni
1152 1277 1185 1338 in
1206 1275 1258 1339 illa
1277 1296 1323 1339 m·

193 1430 197 1435 1
270 1383 377 1446 stravit
400 1382 561 1463 exemplo,
591 1388 701 1464 quanta
735 1385 775 1447 sit
797 1384 892 1465 ipsius
915 1384 946 1445 in
983 1383 1149 1448 lectitanda
1173 1391 1238 1448 arte
1261 1386 1320 1448 crit

267 1493 485 1572 inconstantia,
506 1510 597 1573 quum
615 1493 756 1574 eandem,
777 1510 865 1575 quam
888 1494 919 1556 in
930 1493 1088 1558 nonnullis
1104 1492 1215 1558 sabulis
1228 1494 1261 1554 in
1281 1513 1319 1558 ac

271 1600 445 1664 dividendis
471 1601 659 1682 probabilem
693 1607 816 1671 secutus
844 1596 890 1663 sit'
909 1602 1068 1683 regulam,
1093 1602 1125 1664 in
1144 1602 1212 1666 aliis
1235 1609 1285 1666 aut

230 1767 235 1773 .
268 1710 402 1793 glexerit
429 1716 479 1774 aut
498 1711 670 1774 violaverit.
725 1710 858 1791 'lerentii
893 1710 1010 1774 fabulas
1043 1711 1185 1775 tractavit
1207 1711 1250 1779 G.
1270 1711 1308 1773 A.

277 1817 412 1901 ll'olstlcs
442 1820 472 1882 in
504 1819 599 1883 altera
633 1837 738 1884 earum
761 1820 1027 1899 dissertationum,
1058 1837 1132 1900 quas
1161 1819 1219 1900 „de
1249 1820 1325 1883 acti

238 1958 240 1961 ·
267 1931 348 2011 apud
368 1930 502 1996 Plautum
525 1937 555 1993 et
574 1930 777 1993 Terentium“'
794 1930 956 2010 inscriptas
980 1929 1125 1994 Gubenae
1147 1948 1174 1992 a.
1202 1927 1326 1993 1813—

269 2038 382 2117 edidit3
409 2041 459 2119 qui
474 2057 654 2121 quamquam
666 2039 758 2101 multa
774 2044 861 2101 recte
875 2022 961 2117 vidit,
984 2045 1096 2118 tamen,
1120 2036 1202 2118 quod
1217 2054 1327 2101 summt

226 2216 229 2221 ,
269 2153 327 2226 est,
350 2164 429 2227 quae
449 2148 528 2210 ratio
554 2153 584 2210 et
605 2149 654 2211 uia
682 2148 714 2209 in
743 2146 861 2208 actibus
882 2128 1105 2231 constituendis
1135 2145 1293 2226 sequenda
1322 2172 1327 2181 ·

271 2272 463 2335 nequaquam
497 2272 554 2317 nos
584 2255 690 2331 docet3
719 2253 777 2317 sed
809 2248 918 2318 leuiter
947 2261 1062 2319 tantum
1097 2256 1298 2338 grammatico

268 2370 432 2444 praecepta
452 2364 568 2446 tangit,
591 2381 670 2444 quae
693 2381 755 2427 non
780 2381 901 2444 semper
921 2370 1007 2428 recte
1032 2383 1099 2428 eum
1120 2363 1311 2430 intellexisse

270 2470 388 2567 indicio
400 2479 479 2552 sunt,
501 2491 579 2554 quae
591 2492 662 2559 pag.
677 2476 707 2538 8.
731 2473 897 2566 deportati
915 2471 1134 2554 legeaPlauto
1157 2474 1255 2556 magis
1279 2491 1320 2554 qu

25 2564 36 2683 Ξ,
90 2584 94 2589 ’
143 2646 145 2651 ,
268 2581 450 2645 ειΤεῐθηιῑο
469 2589 588 2646 servata
611 2585 736 2665 profert.
794 2585 901 2665 Neque
920 2569 1101 2668 diligentior
1136 2581 1173 2647 ad
1198 2583 1320 2646 emend

272 2690 340 2754 dam
363 2696 484 2754 actuum
510 2691 691 2756 divisionem
713 2694 769 2755 fuit
792 2711 885 2774 opera
916 2693 1078 2774 scriptoris
1100 2693 1166 2755 eius
1189 2689 1295 2771 libelli,
1323 2717 1327 2749 t

269 2801 328 2881 „de
354 2807 474 2865 actuum
495 2807 526 2865 ct
545 2819 705 2866 scenarum
728 2802 849 2865 ratione
873 2802 952 2882 apud
966 2802 1099 2864 Plautum
1123 2808 1153 2864 et
1173 2800 1318 2885 Terentiu

270 2910 436 2991 inscriptus
459 2916 558 2974 exstat
584 2912 640 2973 sub
673 2911 764 2976 linem
785 2911 920 2975 'lerentii
942 2910 1100 2994 Bothiani3
1132 2913 1173 2975 de
1206 2928 1266 2992 quo
1291 2927 1325 2975 sa

272 3019 370 3103 ample
402 3019 539 3100 Wolsfius
566 3020 730 3084 iudicavit:
759 3026 789 3085 el
811 3020 975 3102 Boettigeri
1004 3021 1036 3082 in
1068 3021 1325 3103 dissertatione„

270 3135 411 3210 ‹puattuor
432 3127 581 3193 aetatibus
603 3129 650 3194 rei
671 3130 816 3197 scenicae
839 3129 917 3214 apud
938 3132 1094 3197 Romanos
1107 3138 1136 3213 ,“
1158 3129 1313 3195 Vimariae

271 3238 352 3302 1798
376 3238 469 3301 edita.

367 3346 542 3412 Postremus
565 3353 712 3428 tempore,
737 3349 852 3430 primus
872 3355 973 3414 autem
997 3350 1178 3415 auctoritate
1199 3356 1238 3440 et
1248 3349 1326 3412 meri

269 3448 555 3523 commemorandus
579 3463 626 3522 est
644 3455 837 3538 ltilscltelics,
859 3459 963 3540 quiin
985 3461 1132 3543 epimetro
1155 3459 1325 3524 dissertati

193 3616 199 3622 .
266 3568 325 3648 „de
341 3566 469 3648 pristina
481 3565 665 3630 Bacchidum
677 3566 878 3632 Plautinas-um
900 3569 1015 3634 lorma“
1035 3571 1157 3633 adiecto
1174 3569 1267 3644 (Nou.
1287 3568 1316 3631 Μ

267 3663 364 3741 Ilien.
394 3675 498 3758 philol.
523 3675 571 3739 lV.
593 3676 701 3763 P·.354
710 3693 776 3757 sqq.
802 3665 862 3740 567
884 3689 969 3757 sqq.)
991 3677 1185 3762 principales
1218 3676 1326 3758 quasd

269 3792 389 3851 actuum
412 3786 692 3852 constituendorum
707 3785 803 3871 leges
826 3792 856 3849 et
869 3785 1037 3867 proposuit,
1063 3793 1094 3850 et
1107 3785 1324 3870 exemptouuc

269 3897 354 3990 lento
377 3896 526 3979 probavit.

369 4008 407 4071 Hi
428 4013 510 4088 sunt,
533 4014 675 4101 quantum
698 4006 839 4091 equidem
859 4005 937 4086 scio,
963 4005 1013 4085 qui
1038 4005 1077 4068 de
1098 3988 1216 4069 actibus
1240 4022 1316 4070 eoru

270 4135 330 4200 que
347 4117 468 4195 ratione
488 4117 696 4198 scripserunt;
719 4114 1052 4201 quibus'enumeratis,
1076 4115 1135 4176 iam
1155 4114 1193 4179 ad
1217 4134 1264 4197 ea,
1286 4134 1324 4197 qu

271 4227 362 4296 uobis
386 4227 426 4293 de
444 4227 503 4292 hac
526 4229 652 4296 materia
675 4227 806 4293 dicenda
827 4230 908 4304 sunt,
930 4222 1148 4290 transeundum
1168 4226 1297 4292 videtur.
