2654 4860
110 503 340 569 comoediarum
374 500 464 583 copia
498 478 562 564 non
591 498 716 565 difficile
747 503 830 564 esset
861 497 979 584 eligere
1000 515 1125 564 carmen
1145 516 1208 564 non

114 614 330 697 alienissimum
353 613 391 676 ab
413 618 594 697 argumento
611 611 743 691 tabulae,
765 612 792 675 si
815 615 936 693 praeter
951 610 1208 692 exspectationem

109 725 265 790 evertisset
286 730 319 787 ut
340 720 468 787 chorum
494 722 621 805 populus
644 723 813 805 posceret.'

212 853 298 927 Quae
319 837 413 932 porro
435 850 527 914 docet
537 827 716 930 Euanthius,
734 852 812 932 apud
829 851 940 915 latinos
954 849 1091 913 comicos
1114 849 1210 912 cboro

113 965 214 1028 locum
234 979 296 1024 non
317 961 458 1024 relictum
473 979 543 1024 esse
558 966 597 1040 ⁷),
620 961 659 1024 ad
677 961 808 1042 scriptos
829 961 998 1024 fabularum
1021 960 1117 1023 libros
1137 977 1212 1041 per-
1247 1026 1259 1042 ‚

118 1059 236 1137 timeant
257 1089 387 1136 necesse
408 1077 462 1135 est.
491 1071 595 1146 -Quod
613 1071 663 1152 qui
687 1071 862 1135 concedere
883 1070 970 1149 nolit,
995 1068 1216 1152 explicetbaco

113 1174 229 1249 verba:
254 1182 354 1264 ,unde
374 1180 454 1262 apud
476 1179 545 1243 illos
571 1180 716 1244 dirimere
736 1186 820 1243 actus
845 1179 1107 1261 quinquepartitos
1130 1177 1213 1266 diiii·
1293 1253 1296 1261 ,

112 1293 172 1357 cile
186 1298 267 1371 est;“
291 1310 369 1374 quae
389 1290 629 1355 luculentissime
643 1290 863 1371 demonstrant,
887 1275 926 1353 de
942 1290 1067 1353 scenica
1089 1289 1212 1353 actione
1324 1286 1325 1290 ’

113 1404 244 1486 cogitari
274 1420 337 1465 non
355 1419 459 1483 posse.
513 1402 545 1463 ln
579 1399 709 1483 agendis
741 1400 820 1463 enim
851 1400 961 1465 fabulis
993 1404 1113 1464 actuum
1134 1399 1211 1463 fines

114 1515 222 1579 aulaeo
247 1513 297 1577 vel
329 1511 443 1593 sipario
477 1512 595 1575 sublato
618 1511 847 1590 indicabantur3
884 1512 940 1590 (cl.
971 1507 1065 1592 Wolff.
1088 1511 1170 1594 Diss,
1191 1510 1213 1573 l.

113 1643 142 1705 p.
166 1623 235 1700 at.)
263 1621 454 1705 grammatici
476 1627 602 1701 auton,
625 1638 752 1702 quorum
774 1638 851 1684 unus
880 1618 931 1684 hic
952 1600 1097 1702 loquitur,
1117 1620 1148 1681 ln
1174 1636 1213 1682 eo

113 1738 228 1796 tautum
247 1728 467 1810 elaborabant,
493 1737 525 1792 ut
547 1731 643 1795 libros
665 1731 801 1811 scriptos
827 1730 933 1794 critica
956 1734 1022 1793 arte
1045 1734 1213 1794 tractarent

114 1841 164 1905 vel
188 1841 377 1906 auditoribus
398 1841 461 1905 suis
485 1841 768 1922 interpretarentur.
792 1840 923 1905 Omnino
945 1839 1213 1925 grammaticorum
1249 1842 1251 1846 ”

115 1949 334 2032 doctorumque
356 1952 434 2014 ordo
452 1951 608 2032 'putandus
631 1957 678 2015 est
699 1952 737 2014 ab
755 1951 898 2014 vomnibus
920 1950 1088 2015 litterarum
1111 1948 1212 2014 studio
1298 1933 1301 1938 ’

113 2058 221 2124 alienis
243 2065 393 2124 remotum
414 2079 449 2124 se
468 2061 629 2139 babuisse,
660 2080 697 2124 ac
719 2061 838 2144 fugisse
863 2060 1114 2151 consuetudinem
1136 2046 1214 2141 pro-

113 2168 177 2232 fani
202 2169 302 2254 vulgi3
329 2170 370 2232 ita
405 2176 439 2231 ut
461 2176 546 2233 certo
571 2188 684 2250 operae
711 2171 839 2251 pretium
871 2188 934 2233 non
947 2169 1099 2252 putarint,
1122 2187 1211 2243 uten-

115 2279 230 2355 tionem
253 2284 366 2342 tantum
389 2279 497 2346 lacere
516 2279 717 2359 difficultatis,
751 2297 839 2361 quam
860 2280 1009 2360 spectanti
1029 2279 1142 2361 populo
1165 2278 1216 2342 di·
1265 2293 1268 2308 ¹

113 2387 222 2452 remtio
255 2392 374 2453 actuum
409 2390 719 2470 quinquepartitorum
750 2388 910 2470 enbibeat,
940 2384 1031 2451 etiam
1060 2390 1088 2452 si
1123 2405 1159 2451 ea
1181 2389 1212 2450 in
1263 2402 1264 2407 ’

114 2496 180 2577 ipsa
204 2497 327 2559 actione
347 2498 472 2560 scenica
501 2514 562 2559 non
585 2498 677 2561 luerit
699 2498 790 2561 facta.
846 2498 940 2560 lmmo
961 2516 1050 2579 quum
1070 2498 1101 2559 in
1124 2497 1211 2562 libris
1249 2579 1254 2583 η

114 2605 178 2666 suis
201 2622 264 2667 non
286 2604 452 2668 indicatum
472 2605 664 2684 invenirent,
690 2605 742 2668 ubi
774 2613 858 2669 esset
876 2613 973 2681 ¹actus
996 2606 1118 2686 linitus,
1142 2607 1209 2670 sine

115 2714 266 2796 eiusmodi
286 2720 358 2776 nota
382 2715 692 2805 quinquepartitorum
722 2722 842 2780 actuum
867 2716 1078 2779 diremtionem
1099 2716 1213 2779 diflici-

113 2810 268 2887 lem'esse
288 2823 513 2888 intellexerunt.
563 2827 650 2889 Hunc
677 2825 777 2924 locum
802 2829 848 2890 ita
880 2826 1141 2908 interpretandum
1171 2844 1209 2890 eo

115 2932 214 3016 magis
235 2939 282 2996 est
293 2934 478 3016 probabile,
502 2935 583 3016 quod
607 2937 719 3017 optime
740 2937 867 3002 cumen
885 2938 1039 3001 consentit
1070 2936 1217 3002 vetustis-

171 3235 198 3307 7)
220 3234 307 3287 Gborc
326 3251 399 3289 usam
415 3251 475 3289 esse
494 3235 634 3289 Romanam
657 3238 818 3304 comoediam
846 3241 952 3293 minime
970 3240 1031 3293 iude
1050 3241 1213 3293 concludere

212 3332 283 3396 lieet,
302 3333 370 3401 quod
391 3333 519 3402 oboragus
539 3313 754 3388 commemoratur
772 3336 843 3390 Pers'.
865 3337 886 3388 1.
907 3337 933 3391 3.
955 3337 998 3402 79,
1017 3345 1044 3390 ct
1061 3339 1088 3390 in
1104 3353 1218 3392 scenam·

212 3430 279 3489 adeo
297 3429 384 3497 prodit
402 3428 478 3481 Cure.
494 3431 538 3484 lv.
553 3435 575 3484 1.
613 3431 727 3501 Uterque
747 3435 814 3484 enirn
833 3432 908 3484 locus
927 3433 1049 3500 ostendit,
1070 3411 1212 3504 choragum
1245 3480 1252 3488 ,

213 3525 340 3590 vestibus,
360 3526 518 3588 ornamentis
537 3535 563 3578 et
579 3529 649 3579 omui
667 3530 813 3596 apparatui,
831 3543 883 3596 quo
904 3528 1043 3589 utebantur
1062 3529 1213 3598 histriones,

175 3641 180 3646 ·
210 3620 371 3688 praelectum
390 3621 489 3700 luisse;
507 3622 555 3673 sub
566 3623 676 3689 imperio
695 3624 775 3699 igitur
794 3624 843 3675 fuit
860 3625 991 3677 Aedilium
1010 3625 1052 3678 vel
1072 3627 1213 3694 Praetoris,

209 3717 303 3786 quibua
323 3716 557 3787 quum·ludoruum
577 3713 844 3785 faciendorum‚tum
857 3719 963 3788 parandi
982 3721 1055 3774 illius
1072 3715 1224 3791 apparatus'
1309 3732 1312 3736 ’

209 3815 307 3866 scenici
327 3830 389 3866 cura
406 3815 528 3867 mandata
547 3823 612 3868 erat.
632 3819 782 3889 Xopnyinn
800 3823 896 3882 autem,
911 3819 1014 3885 qualem
1025 3820 1213 3886 Athenienses,

210 3911 319 3964 Romani
343 3926 481 3980 numquam
508 3913 663 3965 babuerunt¹
707 3914 808 3966 Graeco
835 3915 941 3967 nomine
966 3920 1028 3968 ‘erran
1051 3916 1211 3983 appellatum

210 4022 279 4075 ease,
299 4022 331 4058 eo
351 3993 476 4073 explicari
504 4015 608 4074 potest,
635 4009 704 4076 quod
734 4011 854 4063 omnibus
873 4027 906 4063 ex
932 4012 1047 4080 partibus
1066 4014 1209 4080 perlectam

210 4104 340 4177 certisque
358 4102 462 4171 legibue
481 4103 700 4171 circumscriptam
721 4121 775 4156 rem
792 4108 922 4159 scenicam
941 4107 1076 4160 aGraecis
1095 4111 1211 4178 accepe'.

208 4206 268 4250 runt
286 4199 407 4281 Romani,
423 4215 509 4280 neque
527 4202 619 4253 unitata
638 4202 705 4269 apud
724 4202 784 4256 illos
804 4206 908 4257 nomina
930 4213 1030 4259 mutare
1048 4206 1197 4262 voluerunt.
