2654 4860
403 341 410 350 „
516 237 741 321 -ar-'
951 221 954 227 ’

77 437 204 521 triginta
227 436 287 500 dno
316 452 425 502 versus
445 436 652 520 complectens
673 435 821 504 Alcesimi
842 441 874 502 et
894 435 1084 503 oleosnatae
1107 438 1176 503 ool-

76 543 213 628 loquium
236 546 336 612 denuo
360 565 484 612 scenam
505 547 638 630 ingredi.
691 548 778 614 Unde
799 559 867 613 cum
889 545 1062 630 Lcdeacipio
1085 557 1174 627 (nov.
1217 580 1220 585 ⁹

74 653 155 719 llus.
176 654 361 751 Rhenphil
377 657 427 721 ΙΙΙ.
453 676 482 739 p.
499 656 574 737 192)
596 663 666 738 post
679 657 729 737 lll,
745 660 773 738 1,
790 660 829 721 16
851 656 996 723 nonnulla
1019 657 1175 726 excidisse

76 779 228 845 susprcor.
244 778 255 839 ρ

387 953 866 1041 cistellarim

179 1150 457 1216 Lacunosissimam
489 1158 569 1218 'esse
606 1172 645 1220 ex
677 1154 819 1220 omnibus
847 1153 941 1219 Plauti
967 1153 1078 1219 fabulis
1109 1170 1177 1216 cum

76 1261 263 1327 Truculento
284 1261 486 1334 Cistellariam
515 1269 736 1342 nostrumnon
764 1262 862 1327 solum
886 1263 1026 1346 singulae
1047 1264 1176 1329 actionis

76 1378 181 1457 partes
203 1370 304 1436 multis
328 1370 407 1435 locis
430 1369 510 1446 male
531 1370 613 1436 inter
633 1390 669 1437 se
692 1372 905 1455 cohaerentes,
927 1371 983 1437 sed
1006 1371 1097 1436 etiam
1120 1388 1178 1436 co-

74 1483 130 1566 pia
149 1464 486 1564 fragmentorumsatis
510 1480 692 1567 ostendunt,
715 1499 811 1563 quae,
836 1501 854 1545 a
876 1481 1082 1565 grammaticis
1107 1481 1178 1545 lau-

77 1593 165 1668 data,
190 1591 223 1655 in
244 1597 349 1655 nostra
370 1607 432 1654 non
452 1590 595 1674 leguntur
620 1597 671 1668 11).
715 1591 753 1655 Ει
776 1592 899 1674 integer
920 1591 1042 1672 quidem
1063 1591 1178 1672 primus

76 1707 193 1767 tanturn
215 1706 301 1766 actus
324 1706 463 1765 servatus
489 1701 627 1780 videtur;
657 1702 757 1765 statim
781 1720 859 1784 quae
873 1701 1031 1784 sequitur,
1052 1699 1179 1782 primam

76 1818 164 1878 actus
185 1809 314 1875 secundi
335 1826 459 1874 scenam
472 1810 663 1877 diversarum
685 1827 847 1878 scenarum
862 1812 999 1894 partibus
1021 1811 1179 1893 composi-

81 1929 141 1988 tam
164 1937 236 1986 esse
265 1923 351 1983 recte
370 1916 562 1999 lodewipias
590 1919 667 1984 vidit
686 1921 706 1983 l.
728 1921 748 1983 l.
773 1939 801 2001 p.
815 1921 886 1987 529.
941 1921 1072 1994 Quartus
1093 1924 1179 1984 actus

78 2049 150 2096 cum
172 2029 262 2095 tertio
284 2013 323 2091 ad
345 2044 435 2090 unum
462 2009 696 2111 coniu'agendus
717 2035 764 2093 est
776 2050 785 2107 ;
811 2044 881 2092 nam
914 2046 1004 2110 quum
1025 2029 1075 2092 lll.
1099 2033 1176 2092 extr.

76 2135 213 2223 lleliscd,
234 2135 459 2200 Alcesinrarchi
472 2138 562 2203 minis
575 2139 748 2220 perterrita,
767 2138 915 2203 cistellam
927 2139 958 2201 in
972 2117 1072 2220 platerl
1095 2137 1176 2202 ami-

74 2247 179 2327 sisset,
195 2245 270 2333 seni
292 2250 338 2308 est
358 2244 499 2307 absimile
519 2263 582 2338 non
607 2255 674 2311 eam
698 2267 716 2311 a
742 2247 1005 2330 praetereuntibus
1025 2248 1178 2326 repertam

78 2372 166 2435 esse,
189 2335 350 2445 antonuam
380 2354 545 2436 Lampadio
573 2355 605 2418 in
642 2375 767 2421 scenam
792 2357 959 2438 prodiisset
991 2354 1046 2433 IV,
1078 2358 1104 2419 1.
1144 2356 1179 2419 ln

73 2464 181 2545 quinto
204 2462 337 2543 denique
359 2469 428 2526 actu
449 2464 632 2546 breuissime
656 2473 687 2531 et
706 2467 786 2530 iusto
811 2465 899 2530 citius
923 2464 962 2528 ad
984 2464 1075 2528 finem
1097 2481 1174 2546 pro·
1232 2468 1233 2473 ’

72 2578 202 2656 perante
229 2572 376 2654 permulta
409 2572 564 2645 excidisse
595 2590 658 2636 non
680 2590 756 2655 opus
790 2582 837 2639 est
860 2575 975 2640 dicere.
1018 2574 1177 2639 Laudabili

75 2683 179 2749 studio
203 2700 263 2747 nec
284 2683 352 2760 sine
370 2681 516 2745 veritatis
531 2681 635 2763 specie
653 2683 825 2764 explicandi
843 2685 960 2748 ordinis
984 2703 1022 2747 ac
1044 2701 1176 2766 proces-

71 2810 127 2857 sus
149 2791 281 2856 actionis
303 2788 475 2872 periculum
500 2787 789 2871 lecithdewipias‚
814 2791 834 2853 l.
858 2791 877 2852 l.
902 2809 931 2873 p.
950 2790 1021 2855 530.
1045 2790 1094 2853 cui
1115 2807 1179 2854 non

75 2901 182 2965 dubito
203 2903 234 2963 in
265 2916 381 2964 summa
412 2900 572 2963 assentire.
624 2900 661 2962 Ut
682 2905 780 2964 autern
808 2900 1014 2985 significetur,
1034 2900 1087 2962 ubi
1110 2917 1178 2964 mea

76 3009 199 3091 quidem
228 3026 267 3072 ex
289 3008 442 3073 sententia
474 3008 650 3088 deperditae
681 3008 802 3074 fabulae
831 3017 933 3091 partes
964 3011 1065 3074 locum
1088 3026 1174 3073 suum

77 3117 247 3199 habuerint,
267 3135 346 3199 quae
368 3121 551 3196 supersunt,
588 3116 622 3178 in
639 3117 720 3179 hunc
740 3119 863 3180 modum
891 3118 1082 3203 disponenda
1110 3118 1179 3183 exi·

80 3227 222 3292 stimavi:
288 3277 291 3284 .
806 3219 809 3232 '
1057 3207 1064 3226 ⁴

178 3336 200 3401 1.
236 3323 366 3417 =r‚‘1.
389 3335 412 3416 1,
437 3337 465 3402 a.
488 3334 511 3417 1,
533 3333 564 3399 s.
651 3317 654 3320 ’

96 3524 100 3531 1
180 3447 215 3509 ll.
237 3475 269 3500 =
292 3445 329 3525 ll,
354 3447 381 3524 1,
410 3443 520 3508 1-15.
609 3444 714 3530 (lrgm.
741 3448 779 3509 ab
807 3448 845 3511 A.
868 3445 949 3512 Maio
971 3446 1149 3531 delectum).

179 3552 277 3620 ιιι.Ξ
370 3552 407 3636 ιι,
429 3555 456 3638 ι,
479 3555 613 3619 ro-so.
636 3555 673 3653 n,
689 3557 718 3620 a.
738 3556 775 3639 n,
798 3556 828 3622 3.
1037 3525 1054 3557 '

118 3811 166 3879 11)
187 3809 301 3873 odorum
321 3809 523 3881 fragmentorum
542 3811 654 3880 plurima
680 3812 808 3883 scaligeri
827 3811 976 3864 coniectura
1002 3812 1124 3863 commori
1152 3811 1183 3862 ad

113 3952 122 3964 „
185 3905 359 3961 Clitellnriom
387 3909 513 3977 quandam
547 3909 690 3961 Plentinam
722 3907 835 3960 fabulam
862 3908 1007 3961 retulerant
1024 3908 1074 3959 viri
1096 3907 1183 3972 doeti3

154 4055 158 4058 .
182 4017 259 4070 quarn
277 4017 416 4072 numquam
435 3996 568 4056 exstitisse
582 4004 744 4074 ludewigius
767 4005 793 4056 in
813 3988 882 4057 acro
901 4004 965 4057 llus.
984 4001 1068 4057 Rhea.
1088 4002 1181 4071 philol,

179 4104 199 4152 t.-
213 4097 258 4152 lll.
278 4115 305 4169 p.
318 4098 371 4154 525
385 4116 442 4170 sqq,
461 4108 488 4152 ct
503 4101 660 4156 Ritscleelius
677 4116 781 4170 parcrg.
800 4099 883 4154 l'lnnt.
902 4116 928 4169 p.
944 4098 1060 4170 159sqq.
1081 4099 1179 4169 proba·
1244 4158 1249 4170 ,

180 4193 269 4248 biliter
288 4199 440 4251 docuerant.
553 4263 559 4266 .
1164 4187 1170 4215 ⁴
